4356 5588
1057 290 1106 360 111

171 528 210 590 ex
232 516 446 595 similitudine,
468 532 549 598 quae
576 512 658 575 inter
685 508 815 587 „ducer‘
841 505 1024 572 et'videtur
1050 505 1223 573 intercedit.
1254 503 1292 568 de
1316 505 1514 568 mutuatione
1542 504 1585 567 sit
1613 495 1840 568 coniciendum.
1888 502 1985 568 liubis

173 626 255 693 enim
278 616 499 685 anacoluthum
523 610 574 676 vel
604 633 643 676 ex
669 611 746 675 viva
767 607 961 673 describendi
987 612 1110 674 ratione
1136 607 1188 672 vel
1215 629 1253 672 ex
1283 605 1482 690 neglegentia
1509 605 1582 668 oriri
1608 603 1742 684 videtur,
1770 603 1826 668 sed
1856 604 1986 670 consilio

173 726 402 806 scriptores-
425 718 486 782 nisi
508 712 666 779 interdum
688 709 862 776 rhetoricos
884 746 925 757 -
948 710 1170 775 anacoluthum
1195 707 1343 773 adhibere
1370 709 1423 771 vix
1447 707 1592 771 credibile
1614 715 1673 770 est.
1723 705 1793 784 Qua
1822 703 1861 769 de
1890 724 1988 771 eausa

172 823 232 889 hoc
245 829 352 886 nostro
369 818 437 884 loco
453 813 699 890 similitudinem,
724 833 803 895 quae
817 811 955 895 profecto
971 810 1133 876 levissima
1155 819 1203 876 est
1217 832 1292 875 casu
1315 813 1420 895 potius
1442 830 1537 893 quam
1560 807 1677 872 consilo
1692 815 1815 871 exstare
1830 813 1987 889 putamus.

272 921 460 1000 Perfectum,
490 925 528 982 ut
549 917 706 981 Aon'stnm
729 913 928 992 Graecorum,
951 912 989 976 de
1011 933 1053 991 re,
1083 934 1163 997 quae
1196 932 1289 995 saepe
1320 911 1406 977 lactu
1439 919 1489 974 est
1520 910 1572 974 vel
1605 909 1674 973 ficri
1706 908 1796 991 solet,
1818 907 1987 974 Sallustius

169 1043 394 1110 saepenumero
416 1020 590 1104 usurpavit.
633 1016 717 1080 0011.
740 1013 808 1080 011.
833 1016 926 1094 11,3.
945 1016 1035 1095 51,2.
1057 1016 1108 1095 51,
1123 1018 1172 1080 11.
1194 1014 1308 1092 5815.
1329 1013 1358 1079 J.
1380 1014 1431 1093 42,
1441 1014 1471 1077 4.
1494 1013 1522 1079 J.
1550 1011 1660 1091 1021.
1682 1046 1723 1058 -

271 1121 370 1189 idulto
392 1124 490 1185 etiam
512 1121 614 1204 magis
637 1115 809 1182 Sallustius
830 1117 977 1180 varietati
1010 1125 1183 1201 temporum
1217 1114 1357 1194 indulsit,
1391 1136 1485 1199 quam
1518 1112 1557 1178 ad
1591 1134 1657 1177 rem
1679 1110 1895 1192 Thucydidem
1928 1110 1987 1177 ali·

171 1234 322 1313 quantum
352 1221 493 1287 valuisse
515 1219 710 1285 Robolskius
743 1237 806 1281 uon
840 1226 922 1281 recte
944 1217 1107 1282 indicavit.
1150 1217 1256 1282 Primo
1289 1217 1488 1301 conjungitur
1519 1234 1669 1300 praesens
1702 1212 1883 1278 historicum
1915 1232 1986 1277 cum

173 1327 309 1415 perfecto
340 1324 496 1389 historico.
541 1319 717 1387 00111011
745 1319 844 1396 20,1.
877 1316 949 1402 Jug.
977 1320 1026 1399 26,
1047 1321 1077 1384 3.
1108 1320 1179 1403 Jug.
1201 1319 1252 1398 20,
1274 1322 1300 1383 1.
1333 1318 1405 1403 lug.
1428 1318 1479 1397 35,
1502 1317 1532 1382 4.
1565 1315 1637 1400 Jug.
1658 1317 1711 1397 49,
1732 1318 1759 1379 1.
1792 1315 1864 1399 Jug.
1886 1315 1937 1395 64,
1956 1314 1987 1380 3.

273 1425 490 1509 Imperfectum
515 1443 669 1487 conexum
691 1421 871 1486 invenimus
893 1439 961 1483 cum
978 1421 1125 1505 perlecto.
1161 1419 1313 1503 Legimus
1336 1419 1405 1485 (iat.
1431 1420 1526 1496 12,1.
1561 1417 1743 1498 011.10,1.
1781 1417 1819 1481 ln
1841 1416 1987 1481 enuntia·

170 1532 214 1595 tis
242 1526 434 1594 secundariis
461 1524 546 1590 lraud
569 1545 638 1589 raro
659 1522 706 1598 fit,
738 1529 772 1587 ut
792 1522 970 1605 praesentia
998 1522 1184 1606 imperfectis
1213 1521 1417 1603 excipiantur.
1467 1519 1574 1583 Habes
1596 1518 1663 1584 Cat.
1691 1519 1742 1598 32,
1762 1518 1801 1582 2;
1837 1518 1990 1599 „mandat

171 1630 284 1716 quibus
307 1627 400 1692 rebus
421 1632 552 1710 possent
572 1647 647 1711 opes
669 1626 821 1689 factiones
844 1622 1037 1687 confirment.
1082 1621 1141 1687 Sed
1165 1622 1242 1686 talia
1264 1625 1377 1688 ceteris
1399 1643 1521 1707 quoque
1543 1621 1746 1704 scriptoribus
1772 1618 1897 1684 Latinis
1924 1632 1987 1684 non

170 1732 392 1797 itainusitatn
414 1724 499 1808 111111,
521 1725 629 1791 uthis
650 1729 682 1790 in
705 1725 799 1789 rebus
822 1722 1005 1789 Sallustium
1028 1744 1049 1787 a
1071 1722 1254 1803 Thucydide
1275 1724 1409 1808 pendere
1440 1732 1577 1787 statuere
1606 1724 1774 1807 possimus.
1816 1721 1925 1805 Neque
1947 1741 1986 1787 cx

171 1854 209 1898 eu
237 1831 320 1916 quod
350 1850 405 1913 pro
434 1827 727 1913 praepositionibus,
754 1847 833 1910 quas
862 1835 1088 1909 exspectamus,
1110 1845 1223 1888 nomen
1247 1825 1298 1891 vel
1332 1826 1413 1890 aliae
1446 1826 1567 1890 formae
1597 1832 1767 1910 ponuntur,
1800 1824 1986 1888 imitationis

171 1933 270 1999 ullam
292 1930 442 1995 indicium
464 1929 601 1994 allertur.
649 1927 757 1992 Habes
779 1926 851 2012 Jng.
875 1929 926 2008 23,
953 1932 981 1991 1.
1011 1926 1083 2011 Jug.
1107 1926 1137 2006 1,
1157 1928 1188 1991 4.
1220 1927 1293 2012 Jug.
1317 1929 1346 2010 1,
1370 1931 1399 1992 1.
1433 1926 1500 1992 Cat.
1521 1927 1573 2009 56,
1601 1931 1627 1992 1.
1660 1927 1732 2011 Jug.
1755 1928 1858 2009 89„9.
1901 1923 1987 1990 llaec

171 2036 256 2100 enim
279 2033 385 2098 omnia
405 2032 523 2115 passim
547 2032 751 2113 reperiuntur.

273 2134 483 2199 Transeamus
506 2133 568 2194 iam
593 2131 631 2195 ad
656 2131 840 2194 brevitatem
857 2129 999 2195 Sallustii
1021 2127 1223 2212 singularem,
1246 2151 1327 2215 quae
1342 2133 1404 2195 iam
1421 2137 1563 2194 veterum
1580 2129 1688 2194 multis
1703 2133 1875 2193 memoratu
1891 2124 1988 2210 digna

175 2233 352 2300 ridebatur.
401 2233 554 2315 inspicias
580 2231 691 2297 velim:
724 2232 844 2297 Seneca
869 2230 1015 2296 (luntres.
1043 2233 1114 2314 9p.
1138 2230 1210 2312 249,
1237 2234 1265 2298 9.
1320 2231 1439 2297 Gellius
1462 2233 1561 2311 310.
1616 2231 1751 2297 Maerob.
1775 2228 1842 2294 Sat.
1863 2227 1987 2309 5,1,1.

176 2336 296 2402 Statius
320 2334 487 2415 811041.
543 2333 650 2399 Sidon.
675 2331 776 2417 Apoll.
798 2332 914 2417 Paneg.
937 2332 1030 2397 Anth.
1052 2333 1082 2405 2,
1105 2334 1174 2398 190.
1226 2332 1337 2417 Apulei
1360 2333 1432 2418 apol
1456 2334 1507 2399 95.
1562 2331 1648 2397 11111
1670 2331 1811 2396 Sallustii
1848 2330 1988 2394 brevitas

172 2458 238 2522 qua
257 2438 290 2501 in
312 2456 345 2500 re
366 2435 503 2498 maxime
524 2442 676 2519 appareat
696 2434 805 2518 Puppe
828 2435 865 2516 (I,
881 2438 892 2499 1
908 2456 937 2519 p.
950 2436 1026 2514 281)
1049 2434 1175 2498 uberius
1198 2435 1354 2499 disseruit.
1406 2438 1449 2499 Ac
1471 2437 1604 2519 primum
1628 2432 1797 2499 Sallustius
1819 2432 1990 2497 insolenter

173 2539 293 2604 omittit
313 2536 522 2617 substantiva,
545 2557 626 2620 quae
656 2534 824 2618 cogitando
858 2535 1002 2621 supplere
1034 2535 1194 2600 debemus.
1238 2535 1334 2601 Cuius
1365 2538 1410 2601 rei
1442 2535 1544 2600 locum
1578 2556 1654 2600 sane
1684 2537 1840 2620 insignem
1873 2533 1988 2598 habes:

170 2639 240 2704 Cat.
266 2627 365 2730 lay:
388 2636 451 2700 Sed
474 2645 569 2702 antea
591 2640 666 2701 item
689 2639 891 2701 coniuravere
913 2639 1003 2722 pauci
1021 2645 1130 2701 eontra
1151 2636 1397 2720 rempublicam,
1420 2640 1451 2701 in
1475 2638 1589 2721 quibus
1609 2637 1744 2703 Catilina
1765 2637 1836 2717 luit,
1859 2635 1897 2699 de
1919 2651 1988 2716 qua

173 2758 268 2822 quam
290 2738 456 2800 verissime
477 2748 586 2820 potero
609 2737 742 2802 dicam“.
781 2736 834 2800 ubi
856 2760 893 2802 ex
915 2739 1011 2802 verbo
1034 2740 1317 2817 „coniuraverunr‘
1340 2739 1526 2803 vocabulum
1559 2741 1774 2821 „coniuratiu“
1802 2736 1988 2802 eliciendum

173 2845 233 2903 est
266 2837 354 2916 Quae
378 2847 487 2900 contra
507 2838 763 2902 consuetudinem
781 2837 927 2901 Latinam
949 2848 1068 2904 structa
1090 2860 1159 2902 esse
1181 2841 1251 2920 quis
1275 2860 1337 2903 non
1352 2841 1458 2906 videt?
1501 2842 1694 2927 Quapropter
1713 2841 1849 2906 Kritzius
1871 2835 1988 2920 aliquid

175 2938 330 3004 excidisse
351 2940 529 3023 suspicatus
553 2938 613 3018 „dc
634 2959 697 3022 qua
718 2943 773 3003 re“
795 2940 949 3022 proponit,
966 2939 1071 3025 Poppo
1094 2950 1199 3005 autem
1223 2941 1388 3005 lectionem
1411 2943 1471 3024 „de
1491 2950 1574 3027 qua“
1597 2945 1733 3008 retinens
1756 2939 1829 3005 binc
1850 2937 1988 3003 luculen-

169 3041 295 3105 tissime
317 3040 468 3122 originem
485 3041 633 3104 Graecam
650 3038 790 3123 intellegi
814 3047 896 3103 recte
911 3050 1018 3106 monet
1031 3049 1064 3107 et
1079 3040 1156 3106 haec
1180 3042 1372 3124 Thucydidis
1394 3044 1492 3109 verba
1514 3053 1687 3128 comparat:
1710 3042 1762 3124 Vl,
1784 3043 1841 3109 80:
1864 3035 1989 3123 ,ἄλλως

169 3164 207 3206 ‘cs
226 3148 283 3205 cui
304 3137 375 3204 11πό
399 3138 653 3225 11110101νὴ001
676 3145 901 3226 παρεσομένης
921 3138 1073 3228 ὠφελίας,
1096 3140 1129 3206 oi
1148 3144 1275 3208 cnirds
1296 3149 1463 3229 κρείσσους
1483 3151 1577 3215 110111.
1611 3147 1687 3212 vide
1710 3145 1807 3211 Thur.
1829 3144 1855 3227 Ι,
1870 3145 1921 3226 90,
1936 3144 1988 3210 91.

174 3241 211 3321 V,
231 3243 283 3306 41.
315 3241 380 3320 111,
402 3243 453 3307 28.

276 3339 369 3405 Haud
393 3362 462 3405 raro
485 3342 566 3425 apud
592 3342 776 3408 Sallustium
798 3364 892 3409 casus
914 3344 1104 3430 aliquotiens
1126 3346 1223 3429 deest,
1252 3370 1344 3434 quem
1373 3349 1435 3414 alio
1467 3369 1504 3413 ex
1532 3368 1607 3414 casu
1634 3348 1836 3434 suppleamus
1863 3364 1991 3413 necesse

172 3448 233 3507 esst
278 3440 367 3506 cons.
389 3441 535 3526 sugas,
558 3446 591 3507 1:
623 3447 810 3525 „universos
833 3449 863 3510 111
894 3450 1039 3511 contione
1067 3447 1176 3513 laudat
1204 3460 1297 3535 atque
1326 3453 1393 3534 agit
1419 3452 1568 3534 gratias“.
1620 3451 1692 3536 Jug.
1721 3453 1773 3532 51,
1802 3453 1843 3518 38
1871 3447 1988 3514 imitari

177 3561 271 3626 quam
295 3543 435 3607 invidere
459 3543 550 3607 bonis
580 3544 748 3611 malebant.
787 3546 853 3612 Cat.
878 3548 927 3629 13,
952 3549 981 3612 2.
1010 3551 1062 3629 48,
1086 3552 1117 3616 6.
1147 3552 1199 3631 31,
1221 3553 1251 3616 3.
1283 3554 1332 3632 11,
1354 3552 1384 3616 6.
1416 3553 1467 3630 55,
1489 3552 1519 3617 5.
1564 3552 1845 3636 Η111.1,48,13.
1890 3551 1990 3629 Quam

178 3641 300 3707 dicendi
329 3646 480 3708 rationem
509 3665 604 3726 quum
633 3646 739 3709 ubivis
768 3650 917 3730 reperias,
946 3651 1082 3715 imitatio
1111 3672 1173 3717 non
1201 3652 1359 3737 probatur.
1411 3652 1543 3737 Saepius
1571 3676 1610 3719 ex
1637 3655 1733 3719 verbo
1762 3654 1849 3720 aliud
1876 3649 1990 3716 similis

177 3744 315 3807 notionis
337 3744 467 3809 elicitur.
501 3744 650 3828 Legimus
672 3746 744 3829 Jug.
769 3747 817 3815 11.
838 3750 873 3814 3;
903 3749 959 3827 „lu
982 3751 1137 3817 divisione
1160 3754 1243 3818 orbis
1265 3764 1366 3818 terrae
1388 3753 1526 3838 plerique
1554 3758 1585 3819 in
1611 3764 1731 3839 partem
1762 3758 1886 3819 tertiam
1907 3750 1989 3818 Afri·

176 3864 246 3908 eam
268 3853 413 3928 posuere,
434 3847 524 3928 pauci
548 3855 669 3911 tantum
698 3847 791 3910 modo
814 3851 919 3912 Asiam
947 3861 979 3916 et
1000 3854 1155 3938 Europam
1185 3858 1285 3934 esse“,
1316 3855 1368 3919 ubi
1395 3856 1462 3920 fieri
1490 3877 1552 3920 non
1578 3865 1691 3942 potest,
1723 3858 1797 3941 quin
1828 3879 1865 3922 ex
1892 3853 1989 3920 verbo

177 3947 353 4028 „posuere‘
375 3945 505 4008 verbum
527 3947 607 4030 quod
630 3950 693 4012 vim
718 3947 814 4011 habet
836 3949 993 4015 indicandi
1016 3954 1225 4038 suppleamus.
1261 3954 1369 4020 Talem
1393 3959 1593 4023 omissionem
1615 3959 1699 4042 apud
1722 3958 1802 4024 alios
1824 3959 1990 4042 scriptores

177 4046 240 4108 nisi
262 4053 335 4128 post
355 4046 452 4109 verba
474 4049 628 4111 sentiendi
651 4060 681 4114 et
704 4050 882 4114 declarandi
905 4072 966 4115 uon
990 4057 1177 4122 invenimus.
1221 4057 1291 4136 Qua
1312 4057 1352 4122 de
1381 4080 1477 4124 causa
1498 4062 1567 4123 eius
1593 4060 1677 4124 modi
1707 4068 1883 4126 structurae
1903 4058 1990 4124 Thu·

179 4146 332 4226 cydidem,
356 4147 438 4231 apud
454 4168 546 4231 quem
570 4150 686 4214 similia
707 4154 832 4235 saepius
854 4152 946 4216 nobis
968 4167 1140 4239 occurrunt,
1162 4167 1322 4223 auctorem
1345 4159 1442 4224 fuisse
1465 4182 1485 4224 a
1506 4160 1726 4245 probabilitate
1747 4183 1811 4228 uon
1834 4161 1989 4228 abhorret.

178 4245 331 4312 Brevitati
355 4249 450 4312 etiam
472 4250 607 4313 inservit
627 4271 702 4314 usus
722 4253 842 4337 figurae
864 4275 946 4337 quae
968 4255 1081 4320 dicitur
1102 4258 1294 4342 ,.Zeugma“.
1330 4259 1415 4326 00111.
1441 4260 1509 4327 Cat.
1535 4262 1581 4342 11,
1605 4263 1634 4327 2.
1675 4263 1747 4347 Jug.
1771 4266 1800 4348 3,
1824 4269 1853 4330 1.
1887 4263 1938 4344 14,
1958 4263 1989 4326 4.

181 4347 230 4428 14,
253 4349 303 4414 23.
338 4349 387 4425 11,
410 4349 439 4413 3.
474 4350 578 4428 28,1.
611 4352 663 4428 42,
684 4352 714 4415 4.
749 4355 800 4433 40,
824 4358 853 4421 8.
887 4358 939 4435 54,
961 4356 990 4420 3.
1019 4357 1070 4436 55,
1095 4361 1123 4422 1.
1155 4362 1205 4432 03,
1229 4362 1258 4425 6.
1287 4361 1338 4441 85,
1360 4363 1411 4427 28.
1441 4364 1492 4435 92,
1515 4363 1545 4427 2.
1576 4363 1646 4443 105,
1668 4366 1698 4430 3.
1728 4367 1798 4448 111,
1823 4370 1850 4432 1.
1889 4365 1990 4444 Quam

177 4447 311 4531 figuram
335 4471 444 4514 omnes
466 4450 530 4514 lere
552 4451 721 4535 scriptores
741 4454 847 4520 Latini
870 4465 900 4521 et
923 4456 1032 4521 Graeci
1054 4459 1274 4526 adhibuerunt.
1311 4462 1469 4527 Reicimus
1491 4465 1587 4547 igitur
1608 4468 1746 4531 virorum
1770 4467 1930 4533 doctomm
1952 4463 1991 4529 de

177 4549 355 4631 imitatione
376 4553 564 4634 opinionem.
612 4552 714 4636 Magis
741 4557 853 4620 mirum
881 4558 1015 4640 videtur,
1045 4560 1127 4641 quod
1150 4560 1318 4627 Sallustius
1349 4572 1382 4628 et
1405 4563 1604 4645 Thucydides
1633 4566 1695 4631 duo
1724 4567 1846 4633 dicendi
1875 4586 1992 4652 genera

176 4634 361 4716 cuntiaherc
383 4652 493 4718 solent.
538 4652 626 4731 Quae
649 4654 899 4740 breviloquentia
921 4662 1056 4725 maxime
1077 4663 1109 4725 in
1132 4666 1398 4748 praepositionum
1421 4686 1481 4728 usu
1504 4665 1574 4742 „45⁸⁶
1596 4677 1629 4732 et
1651 4670 1725 4751 „in“
1747 4671 1911 4755 perspicua
1931 4675 1990 4732 est

175 4749 285 4816 Habes
307 4753 405 4818 Thus.
427 4752 468 4835 ll,
491 4755 542 4836 31,
567 4756 602 4820 1;
635 4754 766 4837 ,ὄνομα
788 4762 849 4838 μὲν
872 4758 927 4822 daei
954 4761 993 4824 sd
1017 4761 1062 4847 μή
1090 4762 1123 4838 ἐς
1152 4760 1286 4845 ὀλίγους,
1314 4761 1385 4829 0111
1414 4765 1447 4838 ἐς
1474 4768 1629 4842 πλείονας
1657 4768 1757 4834 οἶκεῖν
1788 4771 1992 4857 δημοκρατία

47 4836 356 5187 (utriquest,
379 4855 432 4919 ubi
454 4854 665 4922 ldollmannus
687 4859 860 4924 rectissime
882 4860 928 4926 ita
949 4864 1189 4950 interpretatur:
1222 4888 1292 4950 „res
1314 4865 1452 4951 plublice
1473 4871 1520 4934 sic
1540 4868 1788 4955 administratur,
1811 4881 1930 4938 utnon
1952 4874 1993 4940 ad

45 5190 64 5304 l

45 5350 59 5534 l
