4356 5588
408 1254 632 1402 Quibus
667 1260 732 1391 in
769 1261 946 1397 rebus
991 1257 1311 1395 Sallustius
1346 1258 1754 1433 Thucydidem

589 1499 870 1601 respexerit
897 1500 987 1584 aut
1012 1497 1296 1600 respexisse
1325 1500 1574 1584 credatur.

274 1735 368 1850 Sane
403 1787 584 1871 perdifficile
622 1801 670 1855 est
707 1800 791 1857 certo
831 1792 1009 1876 dijudicare,
1051 1796 1205 1873 qnatenus
1238 1787 1411 1872 quibusque
1446 1789 1478 1852 iu
1517 1787 1610 1853 rebus
1651 1787 1823 1854 Sallustius
1856 1787 1989 1854 aliomm

172 1886 289 1970 scripta
311 1892 489 1973 respexerit.
534 1892 658 1957 Etenim
680 1895 741 1958 viri
764 1894 847 1959 docti
870 1893 962 1958 bodie
985 1893 1023 1955 de
1040 1889 1182 1956 Sallustii
1206 1891 1389 1968 imitatione,
1413 1891 1440 1953 si
1463 1911 1524 1973 qua
1547 1892 1705 1970 statuitur,
1728 1897 1833 1974 partes
1854 1891 1887 1954 in
1909 1889 1989 1953 duaa

172 1985 258 2051 abire
279 1989 436 2074 videntur,
459 1992 561 2075 alteri,
584 1996 636 2078 qui
658 1997 830 2078 priscorum
853 1996 976 2060 illorum
999 1993 1182 2056 Latinorum
1211 1998 1244 2055 et
1272 1992 1414 2074 inprimis
1437 1990 1575 2070 Catonis,
1604 1990 1694 2056 alteri
1721 1993 1772 2075 qui
1797 1988 1990 2071 Thucydidis

173 2090 390 2155 auctoritatem
422 2093 462 2156 ad
490 2096 576 2158 viam
605 2096 818 2181 rationemque
846 2097 968 2161 dicendi
991 2091 1133 2160 Sallustii
1160 2091 1332 2175 aliqantum
1362 2091 1501 2156 valuisse
1530 2092 1590 2156 sibi
1613 2099 1845 2177 persuaserunt.
1888 2092 1990 2172 cham

173 2207 263 2251 suam
286 2196 476 2257 sententiam
507 2202 542 2258 ut
562 2195 689 2261 firment
716 2219 811 2281 quum
832 2208 975 2263 veterum
998 2195 1188 2260 testimoniis
1211 2196 1364 2273 nitantur,
1398 2192 1561 2257 videamus
1584 2193 1656 2277 quid
1679 2193 1742 2257 illis
1764 2192 1989 2278 comprobetur.

171 2287 275 2371 Atque
297 2303 448 2374 quantum
471 2297 586 2360 attinet
612 2295 653 2359 ad
676 2295 837 2380 Catonem,
861 2300 1030 2367 Suetonius
1051 2293 1100 2360 Ill.
1123 2295 1259 2360 Gramm.
1289 2315 1314 2358 c.
1339 2295 1377 2358 15
1400 2296 1591 2358 mentionem
1613 2295 1689 2359 facit
1710 2293 1839 2377 Pompei
1860 2293 1988 2374 Lenaei,

172 2390 225 2474 qni
248 2411 310 2456 nou
334 2393 458 2460 dubitat
480 2395 665 2461 Sallustium
689 2405 851 2465 nominare
874 2400 1069 2482 „lastaurum
1093 2405 1125 2460 et
1145 2396 1302 2460 lucronem
1321 2403 1353 2458 et
1369 2393 1555 2457 nebulonem
1574 2396 1850 2479 propinionemque
1873 2402 1906 2457 et
1921 2394 1990 2458 vita

172 2493 358 2578 scriptisque
380 2504 608 2578 monstrosum,
636 2509 798 2582 praeterea
823 2503 994 2585 priscorum
1018 2499 1205 2581 Catonisque
1234 2497 1398 2560 verborum
1429 2495 1709 2559 ineruditissimum
1738 2495 1869 2559 lurem“.
1913 2494 1990 2574 Qni-

174 2592 232 2657 bus
254 2594 371 2661 Lenaei
392 2597 499 2663 verbis
522 2597 606 2664 baud
630 2602 675 2665 ita
697 2601 830 2666 multum
854 2604 1031 2682 tribuimus,
1060 2621 1134 2664 nam
1164 2619 1259 2681 quum
1283 2597 1452 2662 Sallustius
1475 2595 1601 2660 Caesari
1630 2596 1791 2661 beneficiis
1820 2594 1990 2660 obstrictus

174 2697 325 2759 acerrime
353 2699 384 2761 in
408 2699 591 2784 Pompejum
623 2704 767 2767 invectus
797 2703 932 2768 dixisset
960 2702 1010 2784 (ll.
1031 2702 1087 2785 41)
1116 2700 1201 2780 „oris
1223 2719 1293 2761 eum
1323 2697 1472 2781 improbi,
1502 2698 1606 2761 animo
1636 2695 1846 2762 inverecundo
1868 2697 1988 2761 fuisse“

174 2794 266 2859 tacile
288 2799 419 2881 cogitari
440 2810 545 2883 potest
565 2800 712 2866 libertum
735 2806 860 2886 patroni
883 2803 987 2866 studio
1010 2810 1043 2865 et
1064 2799 1271 2863 admiratione
1297 2806 1422 2882 captum
1452 2797 1633 2862 adversario
1656 2800 1777 2883 patroni
1801 2799 1906 2862 causis
1927 2817 1990 2862 non

169 2897 267 2980 justis
289 2897 517 2963 obtrectavisse
538 2901 666 2986 Majoris
689 2911 738 2967 est
758 2905 908 2968 momenti
931 2903 1013 2990 quod
1031 2899 1236 2983 Quintilianis
1254 2899 1331 2963 lnst.
1351 2898 1437 2964 Orat.
1459 2901 1489 2966 8.
1512 2900 1543 2983 3,
1566 2902 1607 2966 29
1629 2919 1647 2963 e
1668 2898 1830 2984 cujusdam
1852 2899 1990 2963 auctoris

171 2999 397 3083 epigrammate
417 3000 496 3066 haec
517 3000 627 3066 tradit:

134 3119 135 3122 ’
699 3105 762 3186 „Et
782 3102 879 3168 verba
900 3105 1021 3188 antiqui
1043 3102 1176 3168 multum
1198 3103 1300 3169 furate
1323 3101 1462 3184 Catonis,

698 3204 814 3289 Crispe,
834 3205 1043 3290 Jugurtbinae
1064 3204 1205 3268 conditor
1226 3203 1409 3269 historisc‘.

275 3302 343 3380 Quo
361 3301 400 3368 de
411 3306 636 3389 epigrammate
654 3306 804 3392 quidquid
824 3310 933 3388 sentis,
953 3315 1036 3372 certe
1054 3328 1117 3370 non
1133 3315 1287 3390 repugnat
1305 3305 1405 3369 Asinii
1417 3300 1697 3386 Pollionisjudicio
1711 3301 1811 3382 (Suet.
1824 3303 1881 3368 1.1
1896 3322 1922 3368 c.
1936 3302 1990 3386 10)

167 3423 235 3487 ‚quo
258 3401 402 3467 Sallustii
424 3409 540 3489 scripta
562 3416 598 3472 ut
618 3410 734 3490 „nimis
757 3411 978 3493 priscorum
1001 3408 1168 3473 verborum
1191 3406 1388 3471 affectatione
1415 3402 1533 3467 oblita“
1554 3404 1722 3488 vituperat.
1761 3403 1806 3469 Ut
1823 3406 1890 3489 Jam
1911 3402 1991 3470 haec

171 3525 253 3589 quae
276 3509 591 3573 commemoravimus
612 3519 754 3575 veterum
777 3511 960 3574 testimonia
981 3530 1044 3574 non
1067 3513 1113 3575 ita
1134 3509 1240 3574 valere
1261 3527 1354 3591 posse
1376 3504 1583 3569 concedamus
1605 3512 1642 3569 ut
1660 3504 1844 3570 Sallustium
1862 3504 1991 3571 Catonis

172 3613 205 3668 et
225 3607 397 3688 priscorum
427 3606 613 3673 Latinorum
637 3610 741 3674 ubivis
769 3614 921 3676 rationem
943 3608 1095 3675 habuisse
1124 3616 1283 3696 appareat,
1310 3606 1341 3669 id
1370 3605 1495 3690 quidem
1523 3627 1562 3670 ex
1591 3608 1637 3670 cis
1660 3605 1762 3671 elucet
1791 3605 1991 3674 tribuendum

174 3726 243 3769 esse
265 3708 383 3793 aliquid
405 3711 554 3794 antiquis.
589 3711 649 3776 Sed
673 3713 832 3795 quaeritur
854 3717 1050 3795 quantum
1074 3711 1137 3775 illis
1160 3708 1329 3776 Sallustius
1351 3706 1474 3772 debeat.
1515 3707 1618 3787 Quum
1637 3710 1704 3792 jam
1725 3728 1844 3791 paucae
1866 3715 1990 3773 tantum

172 3814 206 3870 et
227 3805 355 3871 Catonis
377 3818 410 3874 et
430 3813 628 3896 antiquorum
651 3810 801 3893 reliquiae
815 3820 956 3877 nostram
968 3811 1008 3876 ad
1025 3820 1161 3877 aetatem
1177 3811 1385 3895 pervenerint,
1409 3808 1574 3873 consilinm
1593 3816 1687 3892 atque
1709 3810 1873 3890 rationem,
1895 3830 1991 3893 qnam

173 3909 205 3973 in
229 3910 451 3992 componendis
472 3915 596 3997 scriptis
619 3915 686 3978 suis
707 3913 929 3996 sequebantur,
951 3933 1132 3997 percensere
1155 3921 1187 3977 et
1208 3911 1398 3995 perpendere
1421 3909 1587 3974 nonlicet.
1621 3911 1816 3994 Quamquam
1839 3930 1878 3975 cx
1899 3912 1990 3977 testi-

174 4010 280 4074 monio
303 4010 471 4092 Ciceronis,
493 4016 546 4096 qui
568 4013 718 4079 Catonem
740 4014 773 4076 in
795 4012 905 4077 eodem
926 4036 1055 4080 numero
1078 4023 1172 4099 atque
1194 4011 1357 4078 annalium
1374 4015 1491 4095 priscos
1508 4010 1579 4075 illos
1597 4011 1763 4094 scriptores
1785 4008 1882 4076 habet
1903 4011 1991 4094 (vide

176 4109 238 4177 Cic.
260 4111 300 4177 de
323 4132 367 4177 or.
390 4112 420 4192 2,
442 4111 501 4176 51:
536 4113 667 4193 „Graeci
689 4135 812 4200 quoque
834 4115 894 4198 ipsi
915 4117 961 4180 sic
981 4118 1072 4181 initio
1095 4118 1308 4200 scriptitarent
1334 4123 1371 4178 ut
1392 4121 1498 4178 noster
1521 4110 1607 4191 Cato,
1639 4124 1674 4176 nt
1695 4111 1810 4195 Pictor,
1838 4120 1874 4177 ut
1895 4113 1989 4178 Piso“

175 4213 267 4279 etde
288 4213 349 4295 leg.
374 4213 402 4292 1,
425 4214 459 4279 6:
489 4222 581 4299 „post
602 4215 733 4281 annales
754 4215 938 4301 pontificum
969 4220 1174 4283 maximorum
1199 4264 1208 4281 .
1230 4264 1238 4282 .
1261 4262 1270 4281 .
1297 4215 1324 4278 si
1347 4213 1463 4279 autad
1486 4212 1618 4277 Fabium
1640 4219 1695 4277 aut
1718 4213 1784 4279 ad.
1806 4260 1816 4280 .
1838 4212 1990 4279 Catonem

175 4324 231 4380 aut
258 4314 299 4380 ad
326 4315 474 4378 Pisonem
502 4313 625 4379 autad
655 4317 849 4383 Vennonium
870 4318 1001 4398 venias)
1033 4340 1104 4383 eum
1132 4321 1217 4382 viam
1239 4318 1333 4402 longe
1359 4313 1455 4380 aliam
1484 4322 1579 4399 atque
1600 4313 1786 4379 Sallustium
1812 4317 1990 4399 ingressum

176 4436 246 4480 esse
269 4415 404 4480 dilucide
425 4417 642 4500 perspicimus.
674 4417 797 4484 Etenim
824 4418 966 4485 Sallustii
986 4421 1119 4484 virtutes
1138 4422 1170 4484 in
1192 4420 1324 4484 historia
1340 4414 1563 4480 conscribenda
1581 4417 1717 4480 maxime
1735 4414 1787 4480 vel
1807 4417 1841 4480 in
1864 4434 1900 4479 eo
1923 4416 1991 4480 eni·

174 4524 257 4596 tent,
283 4517 365 4600 quod
397 4516 558 4582 annalium
585 4524 711 4582 tenuem
738 4522 939 4606 jejunamque
961 4525 1090 4585 sormam
1119 4531 1304 4606 aspernatus
1332 4537 1392 4603 quo
1421 4516 1555 4601 quidque
1584 4516 1714 4582 consilio
1743 4518 1786 4581 sit
1813 4523 1937 4602 gestum
1959 4524 1991 4583 et

175 4616 250 4702 quid
280 4617 354 4681 inde
375 4618 597 4685 redundaverit
619 4620 732 4684 animis
759 4621 930 4707 legentium
950 4623 1113 4708 perspicue
1134 4623 1257 4703 subicit,
1279 4619 1311 4684 id
1334 4617 1418 4704 quod
1440 4616 1602 4682 annalium
1624 4618 1828 4700 scriptoribus
1849 4616 1914 4684 illis
1941 4624 1990 4685 est

171 4718 410 4785 alienissimum.
461 4717 546 4786 Nihil
575 4722 673 4805 igitur
700 4728 758 4801 est,
786 4742 841 4786 cur
862 4721 1047 4789 Sallustium
1077 4725 1190 4789 bacin
1220 4744 1253 4788 re
1275 4720 1403 4786 Catonis
1424 4719 1562 4802 vestigia
1582 4721 1735 4804 pressisse
1761 4719 1988 4785 existimemus.

174 4818 273 4886 Aliter
300 4827 407 4887 autem
435 4841 655 4889 sermonem
677 4819 913 4907 ¹,Sallustianum
948 4826 1146 4892 intuentibus
1174 4824 1267 4891 nobis
1295 4820 1497 4887 indicandum
1533 4827 1591 4887 est
1655 4820 1733 4886 Nam
1763 4823 1826 4980 qtsi
1858 4821 1989 4889 Sallusti
