4328 5580
1074 244 1100 311 8

988 343 1186 361 Ἢ

171 446 343 513 orationem
366 473 429 516 uno
457 459 562 516 tenore
586 455 710 539 scripsit
732 463 763 520 et
784 455 900 520 similia
918 458 1010 541 juxta
1030 461 1136 541 posuit
1156 457 1203 541 (r.
1226 483 1255 545 p.
1280 463 1328 542 11,
1355 465 1417 545 1‘2).
1449 464 1516 529 Huc
1537 468 1568 531 in
1586 465 1754 535 Phocionis
1777 480 1808 538 ot
1825 473 2001 560 Jugurthae

173 549 388 617 cohortatione
410 558 554 637 quumvis
577 558 676 621 multa
699 569 879 626 consonent.
903 566 1007 622 tamen
1032 559 1223 637 dubitamus,
1253 583 1327 627 uum
1359 565 1466 630 dedita
1496 567 2003 651 1111181111111111Τ11111111111

172 654 347 738 exemplum
372 666 498 720 secutus
520 660 571 721 sit.
616 660 739 722 Etenim
764 681 856 742 quam
880 660 972 724 facile
994 661 1059 724 fieri
1084 665 1194 745 possit,
1218 672 1253 727 nt
1275 663 1478 731 historiarum
1503 671 1680 752 scriptores,
1703 675 1730 736 si
1754 675 1877 758 quidem
1899 642 1999 744 duces

171 757 253 839 apud
276 755 393 820 milites
417 762 639 823 concionantes
663 760 790 835 faciunt,
814 783 875 824 nou
900 762 993 826 ruodo
1010 763 1120 826 iisdem
1137 767 1304 830 sententiis
1327 767 1379 830 sed
1399 770 1494 831 etiam
1511 771 1621 835 iisdem
1638 779 1833 857 argumentis
1856 785 1996 861 utantur,

173 876 210 920 ex
233 861 465 940 comparatione
488 864 626 925 omnium
650 864 838 942 orationum,
862 883 940 946 quas
972 864 1054 947 apud
1079 865 1256 949 Caesarem,
1286 867 1423 950 Livium,
1450 870 1645 956 Sallustium,
1674 875 1818 941 Tacitum
1848 877 1994 963 legimus,

169 959 370 1041 intellegitur.
394 1000 434 1009 —

273 1061 395 1127 Clarius
418 1064 569 1145 originem
592 1064 696 1147 prodit
717 1063 869 1128 Graecam
894 1067 992 1129 oratio
1015 1066 1136 1150 Lepidi.
1186 1067 1285 1146 Quam
1310 1090 1379 1133 cum
1403 1069 1634 1137 Corinthiorum
1658 1077 1798 1142 oratioue
1820 1099 1993 1164 congruere

171 1163 386 1229 Mollmannus
409 1179 491 1227 recte
513 1165 627 1229 docuit.
662 1166 738 1229 Vide
760 1165 857 1230 Thue.
880 1167 979 1243 168,
1005 1171 1019 1231 l
1044 1176 1077 1232 et
1098 1169 1173 1252 Lep.
1197 1169 1280 1234 Hist.
1303 1169 1357 1236 lib.
1380 1169 1406 1235 I.
1450 1169 1629 1237 Corinthios
1653 1176 1684 1238 in
1709 1175 1767 1242 hac
1790 1182 1933 1245 oratione
1957 1181 1990 1247 id

171 1268 308 1332 maxime
331 1274 471 1347 spectare
494 1275 632 1348 apparet,
655 1275 691 1331 ut
711 1267 979 1332 Lacedaemonios
1001 1270 1129 1352 periculi
1152 1270 1233 1354 quod
1257 1271 1452 1354 imminebat,
1476 1276 1792 1343 commonefacientes
1814 1280 1853 1344 ad
1875 1280 1993 1346 bellum

171 1366 416 1434 Atheniensibus
438 1367 630 1430 inserendum
655 1378 881 1434 commoveant.
926 1371 1003 1434 Item
1027 1370 1165 1454 Lepidus
1187 1370 1301 1455 populo
1325 1372 1467 1438 Romano
1492 1376 1991 1461 111111111111111111,11111111·

171 1473 249 1536 tatis
270 1470 422 1553 pristinae
438 1488 555 1531 memor
571 1468 677 1532 Sullae
700 1469 908 1534 dominationi
924 1471 1018 1535 finem
1041 1473 1145 1538 faciat.
1180 1473 1281 1553 Quam
1304 1475 1336 1537 in
1352 1474 1462 1559 Lepidi
1486 1479 1668 1541 orationem
1682 1481 1777 1544 etiam
1794 1481 1873 1546 haec
1894 1482 1993 1549 verba

173 1570 302 1638 Periclis
325 1569 478 1634 translata
499 1569 655 1635 videntur.
699 1569 797 1636 Thuc.
819 1571 860 1651 Il,
884 1574 935 1653 63,
958 1573 995 1637 2:
1023 1569 1085 1646 ..ὥς
1106 1575 1286 1656 τυραννίδα
1316 1612 1358 1623 ·-
1389 1572 1528 1660 or’cpetvm
1557 1579 1585 1641 d·
1609 1579 1852 1652 toratvdovov‘t
1904 1584 1993 1650 Conf.

170 1676 246 1759 Lep.
269 1672 340 1750 §72
368 1673 450 1751 „nisi
465 1671 545 1735 forte
562 1673 699 1754 sporatio
723 1709 764 1719 -
785 1672 989 1756 periculosius
1005 1673 1239 1740 dirnissurum“.
1272 1679 1374 1760 Atque
1389 1696 1428 1740 ex
1445 1678 1555 1741 eodem
1578 1680 1665 1745 fonte
1680 1681 1794 1764 (Thuc.
1809 1682 1851 1764 II,
1874 1684 1925 1767 61,
1956 1687 1992 1751 1:

170 1784 260 1841 11-
283 1769 507 1856 μεμπτότερος
527 1771 659 1837 fluxisse
680 1783 827 1857 putamus
850 1797 929 1858 quae
951 1774 1099 1858 leguntur
1122 1777 1197 1860 Lep.
1219 1778 1338 1843 9-10:
1363 1776 1423 1842 llla
1445 1782 1534 1863 quies
1556 1817 1598 1827 -
1621 1781 1768 1861 Quirites.
1817 1785 1884 1850 Hos
1905 1787 1990 1851 enim

171 1899 251 1963 quos
273 1875 366 1940 modo
390 1878 703 1939 commemoravimus
726 1875 811 1939 locos
834 1875 1016 1960 diligentius
1039 1877 1292 1942 examinantibus
1320 1879 1411 1944 nobis
1433 1888 1524 1945 tanta
1550 1889 1583 1945 et
1608 1884 1775 1949 verborum
1805 1895 1837 1951 et
1866 1895 1993 1952 senten·

171 1983 284 2045 tiarum
309 1977 347 2042 ad
371 1974 496 2061 singula
518 1979 741 2055 pertinentium
763 1976 935 2041 similitudo
959 1980 1100 2059 occurirt,
1124 1988 1160 2043 ut
1186 1977 1268 2044 hano
1296 1978 1534 2045 similitudinem
1561 1982 1642 2047 forte
1671 1987 1818 2050 evenisse
1848 1988 1991 2052 1111111·

51 2163 55 2170 .
170 2080 266 2148 dibile
289 2081 404 2144 111.-

272 2181 368 2246 Porro
390 2180 577 2243 imitationis
599 2181 736 2264 vestigia
759 2182 955 2245 1111111111
979 2179 1055 2245 Sall.
1078 2180 1161 2245 Hist.
1183 2180 1198 2244 I
1221 2180 1258 2246 ir.
1282 2183 1321 2246 12
1344 2183 1426 2248 1111.
1449 2181 1547 2249 Thuc.
1570 2185 1595 2267 l,
1619 2185 1669 2250 70.
1717 2186 1807 2266 Quod
1832 2208 1907 2253 vero
1937 2188 1993 2254 11-

171 2286 265 2370 nique
280 2282 491 2348 Mollmannus
513 2281 706 2347 simillimam
729 2282 967 2366 descriptionem
983 2280 1221 2346 Atheniensium
1245 2282 1357 2366 (Thac.
1375 2283 1621 2369 v11,71,2-4l
1643 2295 1675 2351 11
1688 2286 1889 2353 lamensium
1911 2310 1992 2373 pug-

170 2389 313 2453 nantium
337 2383 422 2469 (Jug.
445 2386 496 2467 60,
520 2385 616 2468 1-4)
638 2384 678 2448 ad
702 2385 927 2448 mutuationem
951 2382 1094 2448 Sallustii
1116 2383 1247 2468 reuulit,
1269 2385 1492 2470 probabilitate
1513 2393 1609 2452 caret.

272 2692 315 2757 Ut
332 2693 399 2775 jam
421 2690 559 2755 breviter
582 2687 832 2772 complectamur,
854 2709 934 2775 quae
949 2689 1042 2754 certis
1064 2692 1258 2775 argumentis
1273 2690 1375 2755 adhuc
1388 2691 1559 2774 pervicisse
1579 2690 1672 2756 uobis
1692 2690 1846 2774 videmur,
1868 2712 1994 2757 summa

171 2795 250 2860 haec
272 2795 346 2857 erit:
379 2792 549 2858 Sallustius
570 2790 732 2875 permultis
755 2793 786 2855 11
810 2791 903 2855 rebus
928 2789 1121 2872 Thucydidis
1144 2795 1262 2877 scripta
1288 2793 1443 2858 imitando
1471 2793 1604 2858 effinxit.
1638 2795 1740 2876 Atque
1768 2791 1829 2857 huc
1855 2794 1994 2858 maxime

172 2898 330 2982 pertinent
350 2895 521 2978 prooemia.
558 2893 664 2977 Neque
685 2894 716 2957 id
741 2895 864 2959 mirum.
908 2894 1011 2973 Quum
1034 2896 1116 2958 enim
1140 2893 1309 2959 Sallustius
1330 2897 1362 2959 in
1386 2894 1580 2975 Thucydidis
1603 2893 1691 2959 libris
1714 2892 1878 2959 volutatus
1900 2901 1997 2976 esset,

172 2998 241 3065 fieri
255 3017 318 3062 111
340 2998 453 3081 potuit,
475 2997 550 3081 quin
566 2996 709 3077 inprimis
725 2997 849 3059 initium
865 2997 969 3078 operis
985 2995 1180 3075 Thucydidei
1201 2998 1373 3061 memoriae
1396 2996 1569 3060 mandaret.
1610 2995 1685 3059 Fert
1706 2997 1789 3060 enim
1811 3015 1914 3059 rerum
1935 3015 1992 3059 ua·

172 3109 254 3180 tura,
276 3109 392 3164 11111
422 3116 554 3182 quoque,
584 3099 610 3161 si
639 3095 763 3181 quaudo
786 3099 968 3181 scriptorem
990 3096 1208 3178 lectitarimus,
1236 3099 1374 3162 maxime
1400 3099 1527 3162 initium
1549 3098 1702 3161 memoria
1722 3104 1896 3162 teneamus.
1946 3096 1994 3161 Ex
2015 3172 2020 3181 ι

173 3201 283 3268 eodem
306 3199 451 3264 imitandi
474 3198 579 3263 studio
602 3197 827 3262 discordiarum
850 3197 987 3263 civilium
1011 3198 1238 3281 descriptiones
1261 3219 1377 3282 magna
1399 3219 1437 3262 ex
1458 3206 1546 3282 parte
1568 3216 1716 3261 manasse
1737 3205 1892 3281 procerte
1908 3197 1994 3264 offir-

172 3302 322 3368 mandum
345 3311 404 3366 est.
447 3302 516 3381 Qua
538 3302 571 3365 in
594 3321 626 3364 re
648 3306 841 3384 quantopere
862 3298 1021 3384 exemplar
1042 3300 1180 3363 Atticum
1204 3302 1384 3383 respexerit,
1411 3301 1476 3384 jam
1498 3299 1572 3363 inde
1593 3299 1799 3381 cognoscitur,
1827 3299 1910 3382 quod
1931 3319 1994 3365 non

174 3403 275 3470 solum
299 3405 473 3468 sententias
494 3422 602 3465 vemm
626 3404 721 3466 etiam
742 3400 829 3466 locos
851 3421 1041 3482 communes,
1064 3403 1116 3485 qui
1137 3400 1264 3484 plurimi
1286 3403 1318 3465 iu
1335 3400 1529 3482 Thucydidis
1550 3401 1613 3465 illis
1629 3401 1884 3485 discriptionibus
1906 3401 1996 3465 inve-

173 3506 312 3586 niuntur,
334 3504 375 3570 ad
397 3503 526 3568 verbum
549 3503 721 3567 transtulit.
754 3508 857 3585 Atque
879 3503 956 3566 haec
979 3501 1143 3566 mutuandi
1166 3502 1323 3587 cupiditas
1344 3505 1447 3587 magis
1469 3507 1564 3570 etiam
1587 3504 1619 3567 in
1643 3502 1837 3567 orationibus
1853 3499 1997 3565 Caesaris

174 3615 207 3673 11
235 3606 345 3691 Lepidi
375 3606 570 3689 perspicitur.
630 3605 715 3682 Quas
747 3603 933 3676 Sallustium
961 3601 1068 3669 dedita
1097 3625 1191 3689 opera
1220 3605 1377 3668 imitatum
1407 3625 1477 3671 esse
1508 3608 1620 3693 quovis
1649 3606 1778 3688 pignore
1806 3600 1995 3666 1111111111

173 3729 351 3794 possamus.
395 3708 499 3771 Minus
522 3713 606 3770 certo
636 3704 674 3768 de
700 3704 830 3789 reliquis
859 3726 938 3789 quas
967 3725 1062 3789 supra
1084 3704 1345 3788 perlustravimus
1376 3708 1573 3772 orationibus
1595 3702 1766 3787 dijudicare
1787 3699 1871 3766 11111.
1915 3701 1997 3768 Nam

174 3813 235 3876 etsi
256 3810 373 3875 multos
393 3807 480 3873 locos
502 3807 675 3883 attulimus,
697 3808 750 3889 qui
773 3806 1009 3871 similitudinem
1039 3807 1197 3889 quandam
1223 3805 1373 3890 habeant,
1400 3817 1504 3873 tamen
1533 3815 1637 3870 utrum
1664 3802 1746 3869 tales
1772 3801 1997 3868 similitudines

175 3911 217 3976 ad
243 3913 453 3976 imitationem
476 3907 671 3973 revocandae
693 3909 759 3971 sint
775 3929 873 3973 necne
888 3909 1039 3992 distingui
1061 3929 1123 3972 nou
1140 3915 1254 3992 potest.
1287 3909 1499 3993 Saeppissimo
1514 3910 1620 3969 autem
1641 3907 1728 3971 11111
1744 3904 1855 3969 doctos
1875 3906 1994 3968 111111

174 4032 309 4077 errorem
338 4011 486 4076 incidisse
513 4007 671 4089 vidimus,
700 4017 752 4089 ut,
781 4012 930 4092 quoniam
953 4008 1138 4074 Sallustium
1165 4009 1267 4076 multa
1297 4005 1473 4088 Thucydidi
1504 4003 1617 4070 debere
1648 4003 1733 4070 haud
1759 4008 1995 4090 ignoravemnt,

176 4115 308 4198 quaevis
329 4114 454 4196 utrique
475 4110 592 4177 similia
613 4108 811 4190 videbantur,
833 4112 1044 4175 transmarina
1065 4130 1135 4175 esse
1157 4114 1398 4198 suspicarentur.
1437 4106 1559 4187 Quibus
1580 4109 1613 4172 in
1636 4106 1729 4172 rebus
1750 4118 1871 4188 quanta
1891 4104 1996 4171 cautio

175 4216 217 4280 sit
239 4213 418 4278 adhibenda
438 4215 541 4298 magis
563 4215 659 4278 etiam
682 4233 721 4277 ex
744 4210 842 4277 altera
864 4211 1058 4296 quaestionis
1079 4219 1168 4296 parte
1189 4209 1361 4298 apparebit.
