4328 5580
1058 275 1086 347 ll

974 378 1168 391 ——n-

261 495 330 563 Hac
350 497 383 562 in
404 517 439 562 re
461 495 647 563 Sallustium
670 495 862 576 Thucydidis
883 498 1074 581 prooemium
1096 503 1171 562 ants
1193 496 1301 563 oculos
1324 495 1473 563 habuisse
1492 500 1560 564 veri
1581 500 1685 565 simile
1706 501 1843 571 videtur.
1886 506 1975 587 Quas

159 605 271 664 nostra
292 601 427 685 suspicio
455 601 558 684 magis
589 607 684 664 etiam
704 598 847 663 firmatur
875 600 902 662 si
925 597 1002 663 haec
1024 605 1213 683 reputamus.
1258 599 1325 664 (lat.
1348 601 1377 679 2,
1400 601 1438 665 2:
1472 600 1609 682 „Postea
1629 624 1704 669 vero
1727 627 1822 690 quam
1843 608 1876 672 in
1897 609 1976 675 Asia

163 700 272 784 Cyrus,
301 703 334 766 in
356 702 487 766 Graecia
514 701 756 767 Lacedaemonii
783 721 910 785 coepere
936 702 1028 766 urbes
1055 702 1221 786 subigere“
1251 691 1284 767 e't
1306 700 1403 768 Thuc
1425 701 1451 768 1.
1474 703 1525 785 13,
1546 704 1580 768 6:
1613 713 1688 784 ,καὶ
1704 702 1815 772 Ἴωσιν
1836 706 1974 796 ὕστερον

163 803 395 885 πολογίγνεται
415 802 471 867 ἐπὶ
493 802 633 888 Κύροο“.

264 905 356 972 Hanc
382 906 619 970 consensionem
647 911 731 970 certe
758 907 870 970 miram
899 926 969 970 esse
996 925 1059 970 non
1087 904 1238 989 negabis,
1272 904 1498 991 quod„quum
1525 926 1644 989 omnes,
1671 928 1749 990 quos
1770 931 1830 975 nos
1852 912 1977 996 quidem

164 1005 342 1073 evolvimus
363 1009 529 1091 scriptores
544 1006 650 1071 Latini
672 1008 797 1072 initium
818 1008 945 1091 capiant
965 1029 985 1071 a
1005 1006 1167 1087 Romanis,
1190 1006 1358 1072 Sallustius
1381 1028 1401 1071 a
1419 1007 1544 1072 Graecis
1567 1007 1735 1073 exorditur.
1768 1011 1874 1097 Neque
1891 1033 1978 1095 vero,

164 1110 313 1190 quoniam
330 1116 497 1175 concentus
519 1110 653 1192 pertinet
674 1107 726 1173 vel
747 1108 785 1172 ad
808 1129 922 1173 nomen
949 1109 1089 1190 „Cyrns“
1111 1110 1274 1193 quisquam
1294 1109 1457 1173 fortuitam
1475 1109 1525 1174 hic
1541 1130 1610 1174 esse
1630 1109 1868 1178 similitudinem
1883 1113 1976 1180 nobis

107 1231 129 1296 ξ
163 1209 375 1292 persuadebit.
418 1209 500 1275 Item
522 1205 703 1306 sententiat
725 1209 792 1275 Cat.
815 1212 845 1292 2,
870 1214 903 1278 l:
939 1210 1053 1297 „Initio
1074 1247 1116 1258 —
1138 1212 1215 1275 tuir‘
1246 1218 1278 1275 et
1304 1209 1401 1276 Thnc.
1423 1212 1448 1292 1,
1473 1212 1522 1293 13,
1546 1214 1578 1276 1:
1612 1211 1690 1290 „Tot
1712 1211 1818 1277 πολλοὶ
1841 1251 1884 1263 -
1911 1240 1979 1280 πα-

162 1317 271 1396 τρικαῖ
293 1310 476 1392 βασιλεῖαιιι
499 1310 619 1377 habent
647 1333 708 1397 quo
731 1311 939 1377 conferantur.
981 1312 1084 1397 Magis
1113 1321 1217 1378 mmen
1240 1320 1414 1377 memoratu
1444 1312 1530 1398 digni
1552 1320 1678 1378 exstant
1705 1312 1738 1378 hi
1765 1314 1834 1395 loci,
1857 1317 1972 1401 quibus

166 1409 337 1478 Sallustius
360 1413 427 1497 pari
448 1411 514 1478 iere
537 1413 630 1478 modo
659 1422 753 1498 atque
776 1412 977 1494 Thucydides
1006 1436 1055 1479 res
1085 1414 1125 1479 ab
1148 1415 1287 1499 antiquis
1315 1413 1441 1479 Graecis
1463 1422 1570 1500 gestas
1594 1417 1680 1499 justo
1703 1419 1807 1501 magis
1827 1416 1977 1483 laudibus

104 1536 128 1598 μ
165 1511 267 1577 elatas
289 1534 360 1578 esse
381 1513 508 1598 profert.
557 1513 605 1579 De
627 1507 690 1602 qpla
712 1537 745 1580 re
766 1516 847 1580 conf.
871 1517 968 1581 Thuc.
990 1516 1015 1598 Ι,
1038 1517 1088 1598 21,
1112 1516 1148 1581 1;
1176 1522 1252 1589 ,καὶ
1274 1512 1348 1579 οὔτε
1370 1510 1412 1589 ὥς
1433 1523 1568 1601 ποιηταὶ
1589 1511 1751 1601 ὑμνήκασι
1772 1525 1849 1600 περὶ
1871 1515 1981 1585 αὐτῶν

164 1611 232 1677 ἐπὶ
252 1613 300 1679 ad
320 1616 460 1696 μεῖζον
486 1617 684 1696 κοσμοῦντες
709 1616 836 1696 μᾶλλον
863 1615 1038 1694 πιστεύων,
1066 1615 1139 1682 οὔτε
1167 1613 1210 1691 ὥς
1235 1614 1438 1700 λογογράφοι
1459 1621 1665 1696 §notescam
1694 1626 1725 1683 et
1746 1617 1814 1685 Cat.
1837 1620 1867 1701 8,
1891 1622 1919 1700 l,
1940 1620 1980 1687 2:

164 1714 422 1798 „Atheniensium
447 1737 497 1781 res
518 1723 636 1802 gestas,
658 1718 739 1783 sicut
761 1740 819 1803 ego
841 1728 1003 1803 aest-nmo,
1031 1722 1110 1785 satis
1133 1717 1255 1802 amplae
1277 1718 1524 1803 magnificaeque
1550 1717 1652 1800 fuere,
1680 1741 1788 1784 verum
1818 1720 1980 1804 aliquanto

122 1851 128 1859 ·
164 1818 301 1882 minores
324 1825 440 1901 tamen,
470 1840 564 1902 quam
587 1819 674 1883 fama
693 1819 844 1886 feruntur.
888 1821 948 1887 Sed
972 1824 1045 1908 qnia
1066 1830 1237 1906 pervenere
1258 1820 1302 1884 ibi
1324 1821 1510 1903 scriptorum
1532 1840 1648 1904 magna
1673 1821 1814 1905 ingenia,
1841 1842 1897 1906 per
1918 1829 1981 1887 ter·

165 1939 269 1985 rarum
294 1919 399 1985 orbem
423 1918 659 1984 Atheniensium
683 1920 767 1987 facta
788 1944 843 2006 pro
865 1925 1045 1988 maximis
1067 1922 1363 1988 celebrantur-‘t

266 2021 416 2086 Fortasse
438 2021 612 2085 similitudo
635 2023 734 2107 primo
758 2025 883 2108 quidem
907 2033 1073 2110 conspectu
1094 2023 1195 2089 levior
1217 2025 1273 2089 tibi
1297 2024 1422 2088 videtur
1440 2044 1534 2108 qnam
1556 2029 1593 2087 nt
1607 2021 1645 2087 de
1667 2024 1841 2088 mutatione
1863 2022 1981 2108 aliquid

166 2123 242 2186 certi
266 2130 401 2204 statuas,
423 2128 458 2187 at
480 2130 585 2187 tamen
610 2123 685 2189 alibi
708 2127 801 2190 etiarn
824 2125 902 2190 illud
925 2127 1002 2208 „dut
1022 2128 1135 2207 μεῖζον
1156 2129 1373 2206 κοσμοῦντες(
1403 2126 1449 2210 (in
1472 2127 1575 2209 majus
1596 2123 1766 2208 celebrare)
1790 2124 1984 2190 adverbum

168 2220 243 2309 [qna
265 2225 298 2287 in
320 2245 354 2288 re
380 2224 500 2289 recedit
521 2223 561 2289 ab
584 2228 703 2292 usitato
726 2246 839 2311 genere
862 2224 997 2315 dicendi]
1025 2230 1071 2293 sic
1092 2226 1280 2292 translatum
1313 2226 1474 2307 videmus,
1505 2238 1541 2292 ut
1566 2225 1618 2290 hic
1646 2246 1770 2311 quoque
1792 2224 1984 2306 Thucydidis

168 2324 346 2410 exemplum
370 2346 540 2410 agnoscere
562 2327 733 2392 debeamus
755 2328 847 2412 idque
863 2350 899 2393 eo
919 2332 1021 2413 magis
1035 2329 1118 2415 qnod
1136 2328 1234 2393 verba
1255 2349 1335 2412 qnae
1357 2336 1546 2412 sequuntur:
1570 2328 1707 2409 „Eorum
1723 2328 1776 2410 qni
1797 2326 1898 2390 fecere
1918 2328 1984 2391 vir·

167 2433 220 2490 tus
242 2432 333 2492 tanta
355 2425 498 2510 habetur,
520 2436 671 2513 quantum
695 2450 764 2493 eam
787 2429 891 2495 verbis
913 2440 1041 2514 potuere
1062 2430 1211 2497 extollere
1231 2428 1391 2514 praeclara
1419 2431 1576 2514 ingenia“,
1609 2448 1680 2492 cum
1709 2426 1769 2491 hoc
1790 2425 1982 2492 laudationis

166 2526 308 2592 funebris
330 2528 398 2594 loco
421 2550 591 2614 congruere
613 2530 760 2595 videntur
782 2531 880 2596 ‘l'huc
898 2533 923 2610 Ι,
947 2533 1050 2610 35,1;
1077 2531 1134 2608 ,ἐν
1155 2529 1203 2594 διδ
1225 2528 1321 2613 α’νδρὶ
1343 2570 1384 2580 -
1406 2531 1658 2612 τιιστειιδῆναν·ο
1694 2528 1903 2613 Reperiuutnr
1925 2549 1981 2593 au·

168 2635 244 2708 tem,
267 2630 320 2713 qui
343 2629 484 2695 Sallustii
507 2634 695 2697 seutentiam
718 2654 780 2697 non
804 2646 868 2699 tam
887 2633 1079 2715 Thucydidis
1103 2654 1197 2717 quam
1215 2633 1343 2699 Catonis
1362 2633 1580 2696 anctoritatem
1604 2630 1768 2695 ostendere
1785 2628 1984 2694 arbitrentur.

171 2729 264 2814 (Vide
286 2729 491 2814 Deltourium,
514 2730 717 2814 Schultzium,
741 2733 979 2800 Brueunertium
1003 2737 1042 2801 de
1072 2735 1221 2802 Sallustio
1244 2735 1451 2818 inprimisque
1474 2733 1675 2817 antiquorum
1698 2733 1856 2796 imitatore
1882 2729 1983 2795 disse·

170 2830 299 2912 rentes)
343 2831 412 2911 Qua
440 2835 472 2897 in
499 2853 533 2898 re
561 2837 704 2900 nituntur
725 2838 905 2902 testimonio
928 2837 1030 2903 Flavii
1052 2837 1191 2922 Vopisci,
1219 2838 1273 2920 qui
1296 2833 1372 2900 haec
1395 2833 1536 2899 exhibet:
1570 2833 1715 2914 „Certum
1739 2832 1893 2916 estquod
1915 2830 1986 2898 Sal·

171 2930 288 2998 lustius
308 2932 435 3019 Crispus
457 2934 601 3020 qnodque
623 2935 665 3000 Μ.
688 2937 764 3001 Cato
787 2946 819 3002 et
834 2938 953 3004 Gellius
976 2938 1115 3005 historici
1138 2939 1314 3004 sententiae
1336 2937 1428 3001 modo
1451 2939 1482 3001 in
1504 2935 1626 3001 litteras
1649 2933 1849 3013 rettulerunt,
1878 2954 1988 2998 omnes

173 3054 280 3099 eorum
302 3037 437 3101 virtutes
459 3047 566 3103 tantas
589 3058 658 3103 esse
689 3047 824 3123 quantas
850 3040 950 3105 vidcri
972 3062 1027 3106 eas
1055 3041 1212 3107 voluerint
1234 3060 1340 3105 eorum
1362 3040 1510 3123 ingenia,
1538 3039 1592 3122 qui
1613 3038 1708 3102 nnius
1729 3035 1878 3117 cujusque
1900 3033 1985 3097 lacta

171 3133 423 3222 descripserint“.

274 3238 361 3318 Quae
382 3239 520 3304 virorum
544 3239 702 3305 doctorum
726 3243 829 3326 opinio
852 3264 1040 3328 quamquam
1072 3250 1154 3308 certe
1176 3262 1238 3306 non
1267 3247 1353 3305 caret
1379 3240 1463 3304 omui
1485 3232 1718 3322 probabilitate,
1749 3240 1854 3298 tamen
1876 3254 1986 3318 parum

173 3336 326 3403 firmatur.
367 3339 472 3424 Neque
494 3341 577 3404 enim
601 3342 785 3407 Sallustium
807 3345 841 3408 in
863 3344 1076 3427 componendo
1098 3343 1178 3408 libro
1201 3364 1258 3407 suo
1281 3344 1327 3406 ita
1347 3349 1508 3405 versatum
1531 3359 1601 3403 esse
1623 3338 1808 3421 cogitamus,
1832 3342 1869 3400 nt
1890 3356 1986 3399 uuam

109 3462 142 3537 7
173 3446 269 3523 atque
291 3438 420 3503 eandem
444 3445 632 3506 seutentiam
654 3465 693 3508 ex
716 3444 838 3529 scriptis
860 3453 892 3510 et
914 3445 1107 3526 Thucydidis
1122 3455 1154 3509 et
1174 3443 1302 3510 Catonis
1316 3443 1522 3527 depromeret.
1555 3441 1656 3520 Quum
1674 3446 1778 3502 autem
1793 3440 1857 3521 jam
1873 3455 1989 3519 magua

50 3511 108 3611 ’‘ss
130 3566 145 3597 ι
173 3558 248 3625 pars
269 3541 420 3624 prooemii
444 3548 476 3606 et
498 3544 632 3606 maxime
654 3547 792 3630 cap.*18
815 3548 967 3631 originem
990 3546 1130 3612 redoleat
1153 3545 1403 3625 Thucydideam,
1430 3543 1489 3608 hoc
1511 3562 1635 3625 quoque
1656 3539 1724 3605 loco
1746 3536 1840 3622 paulo
1863 3545 1986 3600 tantum

175 3640 314 3707 distante
337 3642 572 3708 similitudinem
596 3666 634 3709 ex
661 3646 779 3712 Graeco
807 3648 895 3714 fonte
922 3647 1053 3714 fluxisse
1080 3649 1234 3733 suspicari
1261 3667 1438 3730 possumus.
1466 3682 1507 3693 —
1535 3644 1663 3709 Minime
1689 3660 1764 3703 vero
1793 3635 1988 3721 probandum

175 3742 313 3825 videtur,
328 3743 408 3829 qnod
426 3742 548 3829 Dolega
562 3746 712 3812 formulas
728 3753 929 3833 ,,φαι’νεται“
944 3751 1057 3835 (ΤΙιιιο.
1073 3751 1097 3831 Ι,
1113 3750 1143 3830 2,
1161 3749 1193 3830 1)
1216 3748 1306 3812 δοκεῖ
1319 3747 1411 3828 δέμον
1430 3746 1470 3835 (Ι,
1486 3747 1516 3827 3,
1532 3745 1566 3829 1)
1590 3739 1633 3815 οἷς
1654 3740 1725 3821 ἐμοὶ
1745 3737 1836 3802 δοκεῖ
1848 3737 1887 3823 (Ῑι
1902 3739 1932 3820 8,
1946 3737 1983 3824 4)

176 3839 260 3937 σ’κοῇ
281 3848 377 3927 ἴσμεν
399 3845 442 3928 (1,
464 3846 495 3927 4,
518 3847 550 3931 1)
580 3847 660 3913 alias
690 3849 765 3915 dicit
790 3873 810 3915 a
837 3850 987 3917 Sallustio
1015 3853 1192 3916 imitatione
1220 3869 1386 3933 expressas
1413 3868 1492 3928 esse,
1519 3844 1608 3910 velut
1638 3842 1752 3921 „sicuti
1779 3859 1837 3925 ego
1860 3841 1985 3923 accepi“

176 3942 259 4026 (cac
281 3947 312 4027 6,
336 3947 368 4031 1)
391 3947 505 4028 „sicuti
526 3967 584 4032 ego
607 3954 770 4016 aestumo“
793 3952 874 4035 (Cat.
898 3956 928 4033 8,
950 3954 994 4038 2).
1028 3953 1108 4017 Nam
1138 3951 1291 4036 ejusmodi
1313 3949 1466 4016 formulae
1496 3953 1561 4011 tam
1589 3945 1686 4008 tritae
1708 3948 1783 4006 suut
1812 3947 1846 4005 ut
1866 3939 1991 4004 illarum

175 4065 269 4110 usum
300 4047 339 4111 ad
366 4050 576 4114 imitationem
603 4057 714 4116 reterre
741 4055 784 4117 sit
811 4053 985 4119 ridiculum.
1038 4056 1140 4135 Atque
1167 4056 1199 4118 in
1226 4052 1371 4116 formulis
1399 4053 1495 4114 etiam
1525 4065 1726 4111 numeramus
1755 4061 1835 4125 quae
1857 4038 1992 4125 legimus

176 4147 262 4233 apud
286 4148 363 4215 Sall.
386 4148 452 4215 Cat.
475 4152 505 4232 9,
526 4151 558 4219 4.
581 4192 622 4202 -
645 4153 747 4239 Magis
770 4164 818 4221 est
840 4178 952 4241 operae
973 4159 1106 4240 pretium
1122 4155 1290 4220 nonnullas
1310 4161 1415 4236 partes
1437 4149 1587 4235 prooemii
1603 4145 1743 4210 conferre
1758 4163 1826 4207 cum
1850 4144 1992 4206 oratione

178 4249 312 4329 lunchri,
342 4252 456 4337 quippe
485 4273 565 4336 quae
595 4254 746 4337 plurimos
769 4260 928 4321 contineat
954 4257 1038 4324 locos
1061 4260 1284 4334 sententiosos,
1314 4274 1444 4337 quorum
1468 4248 1637 4316 Sallustius
1664 4247 1724 4311 fuit
1746 4244 1992 4308 amantissimus.

279 4352 357 4418 lnde
379 4351 460 4416 hanc
482 4352 720 4420 translationem
742 4367 849 4422 natam
872 4380 942 4423 esse
964 4360 1164 4424 manifestum
1188 4367 1247 4423 est.
1284 4353 1351 4419 Cat.
1373 4355 1403 4432 3,
1427 4354 1461 4417 2:
1492 4349 1632 4432 „Dehinc
1654 4349 1730 4433 qnia
1750 4345 1889 4429 plerique
1911 4364 1993 4427 quae

181 4452 295 4520 delicta
320 4452 553 4537 reprehenderis
580 4457 799 4524 malivolentia
828 4468 859 4523 et
886 4459 1010 4524 invidia
1036 4461 1121 4525 dicta
1149 4466 1277 4544 putant,
1305 4475 1386 4539 quae
1413 4454 1472 4518 sibi
1494 4454 1627 4538 quisquc
1654 4448 1761 4513 facilia
1784 4447 1871 4510 lactu
1892 4450 1993 4528 putat,

181 4575 283 4642 aequo
304 4558 410 4621 animo
434 4558 556 4642 accipit,
579 4579 674 4642 supra
696 4581 734 4624 ca
755 4560 804 4626 vcl
829 4563 871 4625 uti
894 4560 969 4625 ficta
996 4561 1160 4645 prosaicis
1183 4560 1297 4623 ‹lucit‘t
1331 4555 1419 4623 Conf.
1442 4553 1540 4618 Thac.
1561 4551 1601 4632 ΙΙ,
1624 4550 1675 4631 35,
1698 4547 1798 4613 2-3;
1827 4542 1995 4627 „golanda

182 4653 246 4740 reip
267 4657 306 4720 τδ
327 4655 462 4742 μετριώς
490 4659 595 4722 εἰπεῖν
617 4659 653 4723 ἐν·
673 4655 697 4749 qi
727 4661 820 4742 μόλις
841 4671 895 4726 καὶ
918 4661 1047 4748 δόκησις
1076 4667 1130 4746 τῆς
1152 4657 1313 4746 οἷδηθείας
1333 4659 1533 4741 βεβαιοῦται.
1562 4653 1582 4719 ὅ
1610 4676 1645 4716 τε
1673 4649 1736 4733 γὰρ
1758 4646 1912 4727 ξιινεθὸὦς
1938 4651 1994 4707 καὶ

184 4755 299 4832 εὔνοος
320 4754 489 4845 ω’κροατῆς,
512 4769 585 4840 ταχ’
608 4758 650 4825 ἄν
672 4787 704 4826 τι
725 4763 933 4847 ἐνδεεστέρως
955 4762 1035 4847 πρὸς
1062 4764 1085 4826 oi
1111 4760 1265 4847 βούλεταί
1285 4786 1320 4826 τε
1347 4766 1403 4824 καὶ
1431 4757 1606 4822 ἐπίσταται
1637 4756 1780 4834 νομίσειε
1807 4748 1993 4834 δηλοῦσθαι

182 4856 237 4925 ὅτε
258 4857 396 4947 ἄπειρος
416 4861 507 4927 ἔστιν
529 4861 553 4925 οἳ
574 4863 899 4943 anteriorandum
922 4864 980 4930 διδ
1002 4863 1155 4952 ᾳδνόνον
1183 4868 1263 4930 εἴτι
1285 4859 1367 4950 ὑπὲρ
1390 4858 1449 4948 τήν·
1476 4857 1595 4924 ἑαυτοῦ
1616 4854 1716 4945 φύσιν
1745 4849 1869 4933 dacrion,
1898 4853 1995 4932 μέχρι
