4356 5588
1073 279 1099 345 7

988 374 1180 388 —-·——--

177 499 349 580 dissuadet,
371 497 488 564 Caesar
514 503 620 561 autem
644 500 761 575 monet,
784 513 823 557 ne
845 512 962 556 novum
984 513 1103 577 poenae
1126 513 1228 576 genus
1249 492 1445 556 decernatur.
1489 490 1663 555 Praeterea
1685 490 1838 555 Diodotus
1861 488 2005 555 desedi·

179 606 275 669 tionis
297 601 421 686 quidem
444 598 625 663 auctoribus
649 596 834 682 supplicium
863 593 1047 658 sumendum
1076 616 1146 658 esse
1175 595 1327 675 affirmat,
1358 593 1475 659 Caesar
1498 614 1573 657 vero
1597 594 1628 657 id
1651 595 1788 657 maxime
1811 594 1891 676 petit
1912 599 2006 677 atque

180 705 320 783 laborat,
350 723 391 766 ne
418 701 573 786 quispiam
602 701 718 764 civium
749 696 962 760 Romanorum
991 696 1205 761 interficiatur.
1257 700 1298 761 m.
1320 704 1425 760 tamen
1449 695 1552 759 multa
1575 704 1664 772 sunt,
1691 715 1771 779 quae
1799 696 2006 759 mutuationis

179 809 305 890 signum
330 811 436 888 aperte
457 823 532 886 prae
553 822 588 865 88
604 800 721 864 derant.
758 797 883 882 Optimo
903 800 973 881 jure
993 798 1206 863 Molhnanuus
1228 799 1272 883 (p.
1294 797 1346 874 10)
1370 799 1534 880 utriusque
1556 798 1714 860 orationes
1737 797 1803 880 pari
1826 796 1891 860 fere
1913 795 2005 861 mode

181 907 356 993 dispositas
379 924 449 969 esse
471 902 704 968 animadvertit.
749 902 836 980 Quae
858 902 1022 983 consensio
1051 899 1244 964 luculentius
1267 902 1361 963 etiam
1390 901 1604 982 cognoscitur,
1633 900 1660 960 si
1682 897 1807 981 singula
1828 897 2005 982 perpendis.

182 1007 435 1086 contusum,
460 1008 475 1070 1
501 1026 569 1068 cum
587 1002 684 1067 Thur.
708 1002 765 1084 lll,
788 1005 840 1079 42,
866 1005 880 1066 1
906 1011 936 1066 81
959 1002 1025 1066 Cat.
1048 1002 1099 1081 51,
1124 1002 1144 1066 8
1169 1021 1238 1066 cnm
1262 1001 1359 1065 Thuc.
1380 1001 1433 1080 45,
1456 1000 1485 1064 3.
1518 999 1578 1063 His
1601 999 1747 1062 omnibus
1769 1001 1801 1062 in
1825 998 1918 1063 rebus
1934 1020 2004 1064 ora·

184 1112 306 1177 tionum
323 1109 510 1186 sententiae,
533 1105 625 1182 color,
648 1106 742 1169 dictio
760 1115 823 1168 tam
841 1102 960 1167 similes
975 1110 1058 1180 sunt,
1083 1113 1117 1166 ιιι
1133 1102 1275 1168 Sallustii
1297 1104 1435 1166 imitatio
1450 1104 1477 1165 si
1492 1122 1630 1184 unquam
1646 1098 1696 1164 hic
1710 1103 1753 1164 sit
1768 1102 1946 1165 manifesta.
1964 1135 2006 1147 -

287 1207 393 1273 Facile
416 1209 448 1270 in
471 1229 539 1271 eam
564 1208 743 1290 opinionem
767 1205 959 1284 adducimur,
984 1213 1019 1267 ut
1040 1203 1234 1281 Sallustium,
1257 1226 1350 1288 quum
1375 1203 1501 1267 Diodoti
1525 1205 1696 1266 orationem
1718 1223 1835 1286 magua
1856 1224 1894 1266 ex
1917 1209 2007 1286 parte

186 1310 388 1390 transferret,
416 1310 587 1372 orationem
612 1328 734 1391 quoqne
756 1306 891 1386 Cleonis,
920 1309 973 1390 qui
995 1305 1123 1370 Diodoti
1145 1308 1334 1370 sententiam
1358 1307 1565 1389 impugnavit,
1593 1306 1768 1388 respexisse
1790 1305 2006 1368 existimenus.

185 1412 293 1492 Neque
316 1429 390 1472 vero
412 1408 582 1515 qdidquam
613 1411 688 1474 certi
715 1408 776 1473 hac
803 1411 835 1472 in
864 1429 898 1471 re
923 1409 1022 1472 statui
1049 1415 1161 1490 potest.
1206 1407 1284 1471 Nam
1312 1405 1376 1470 11118
1398 1426 1478 1489 quae
1502 1403 1623 1489 Dolega
1650 1405 1739 1469 affert
1762 1404 1913 1489 exemplis
1935 1426 2006 1470 sen·

187 1513 290 1576 tentia
312 1532 422 1594 parum
446 1509 675 1594 comprobatur.
713 1509 926 1575 Conferendos
949 1509 1007 1572 hes
1029 1508 1115 1572 locos
1137 1518 1259 1573 censet:
1283 1508 1351 1573 081.
1373 1508 1424 1587 52,
1449 1507 1484 1572 6:
1507 1506 1595 1583 „Non
1613 1509 1717 1590 agitur
1738 1506 1777 1570 de
1799 1505 2007 1589 vectigalibus

188 1633 288 1697 neque
309 1613 349 1677 de
370 1613 525 1676 sociorum
556 1613 688 1694 injuriis,
710 1610 840 1676 libertas
862 1620 894 1674 ct
917 1612 1024 1674 anima
1045 1621 1156 1674 nostra
1176 1612 1208 1674 iu
1231 1609 1326 1674 dubio
1350 1612 1419 1674 est“
1441 1618 1473 1675 et
1495 1608 1593 1674 Thuc.
1616 1609 1672 1688 lll,
1695 1609 1746 1688 39,
1771 1609 1805 1673 l:
1838 1603 1949 1688 Ἡμῶν
1971 1607 2008 1671 dd

187 1715 272 1795 πρός
294 1710 434 1795 ἑκάστην
457 1710 557 1775 πόλιν
578 1708 894 1775 donumdonumr
922 1710 966 1773 roi
988 1735 1024 1774 τε
1053 1709 1203 1793 χρήματα
1227 1721 1282 1774 καὶ
1304 1709 1341 1775 αἱ
1362 1713 1499 1792 ψιιχιιί“.
1543 1711 1643 1790 Quam
1683 1709 1920 1775 similitudinem
1950 1715 2010 1774 ler-

186 1818 302 1881 tuitam
325 1822 449 1878 exstare
472 1812 564 1877 nobis
586 1834 772 1897 persuasum
796 1823 854 1878 est.
896 1813 1065 1878 Praeterea
1087 1813 1287 1894 Thucydides
1310 1823 1342 1877 et
1364 1812 1533 1878 Sallustius
1555 1812 1594 1876 de
1616 1813 1843 1876 sententiarum
1865 1832 2007 1876 connexu

186 1918 269 1980 inter
289 1935 324 1979 se
347 1915 532 1998 discrepant.
576 1914 701 1978 Etenim
725 1916 801 1979 0818
825 1936 887 1978 rem
911 1914 949 1978 de
971 1936 1033 1998 qua
1054 1915 1241 1979 deliberetur
1262 1916 1483 1998 gravissimam
1507 1935 1577 1978 esse
1599 1914 1782 1994 arbitratur,
1813 1935 1909 1996 quum
1931 1933 2007 1977 nort

189 2017 370 2101 vectigalia,
395 2038 474 2100 quae
497 2037 572 2100 prae
594 2018 662 2079 vita
684 2015 775 2079 nihili
799 2018 954 2096 aestimet,
977 2018 1007 2080 in
1032 2015 1126 2080 dubio
1149 2017 1222 2095 sint,
1250 2016 1303 2080 sed
1332 2018 1472 2100 ipsorum
1494 2018 1621 2095 vitae,
1653 2016 1766 2100 quibus
1789 2015 1925 2080 Catilina
1955 2033 2006 2077 so·

187 2121 290 2202 ciique
313 2121 380 2200 ejus
402 2119 569 2200 perniciem
592 2114 820 2197 machinentur,
843 2116 936 2181 Cleon
960 2127 1065 2182 autem
1088 2139 1295 2181 summarum
1319 2121 1487 2183 severitate
1503 2117 1815 2183 auintadvettendum
1838 2136 1907 2180 esse
1923 2113 2007 2194 dicit,

188 2220 336 2302 quoniam
366 2226 489 2300 praeter
515 2219 613 2282 vitam
641 2219 828 2302 pecunia,
858 2240 952 2301 quam
980 2218 1197 2303 impenderint,
1224 2219 1427 2302 periclitetur.
1467 2256 1508 2265 —
1538 2219 1670 2283 Prorsus
1698 2221 1863 2282 reiciamus
1886 2223 2009 2301 oportet

190 2318 330 2402 Delegae
352 2320 541 2402 opinionem,
563 2341 626 2403 qua
648 2318 830 2384 Sallustium
856 2318 933 2384 haec
955 2319 1149 2400 Thucydidis
1171 2320 1284 2384 verba:
1312 2319 1410 2385 Thuc.
1433 2319 1489 2402 llI,
1512 2323 1563 2398 40,
1586 2322 1616 2385 2.
1665 2320 1765 2403 (0881.
1789 2321 1855 2384 Cat
1878 2320 1929 2401 52,
1953 2318 2007 2401 11)

187 2428 220 2485 81
242 2420 339 2486 Thuc.
361 2420 418 2500 Ill,
441 2422 492 2500 39,
515 2421 536 2485 2
557 2421 652 2504 (coni.
676 2420 743 2485 081.
766 2422 817 2502 52,
840 2421 895 2505 24)
918 2424 1091 2505 respexisse
1113 2422 1219 2487 credit
1263 2423 1333 2501 Qua
1361 2424 1393 2486 iu
1416 2442 1449 2486 re
1470 2431 1663 2507 quantopere
1684 2424 1732 2485 vit·
1754 2421 1864 2485 doctus
1893 2425 1918 2485 a'
1932 2441 2007 2486 vero

188 2522 392 2603 aberraverit,
415 2542 525 2585 omnes
548 2521 768 2606 intellegentes
790 2525 1022 2588 existimatores
1050 2544 1115 2588 una
1144 2544 1222 2588 voce
1244 2523 1414 2588 affirmant.
1461 2522 1653 2606 Principium
1683 2525 1835 2586 orationis
1857 2520 2009 2588 Catilina-

188 2627 296 2690 nariae
318 2628 399 2708 (cap.
422 2624 478 2707 58)
502 2634 713 2707 „cotnpertum
737 2644 795 2706 ego
819 2623 919 2688 habeo
941 2662 982 2671 —
1004 2625 1093 2689 fieri“
1121 2646 1160 2689 ex
1188 2624 1408 2689 adhortatione
1428 2625 1535 2689 Niciae
1558 2623 1745 2688 translatum
1769 2644 1840 2687 esse
1861 2629 1935 2687 sunt
1955 2623 2010 2705 qui

191 2725 393 2788 contendant.
435 2723 523 2789 Cous.
546 2726 570 2788 T
574 2724 643 2792 huc.
668 2725 790 2804 11168,
815 2727 848 2789 1;
878 2723 983 2807 ,8ιῖιὴ
1004 2762 1045 2772 -
1068 2728 1326 2806 orpurona'dov‘t
1370 2727 1415 2791 Ut
1431 2729 1498 2811 jam
1521 2728 1553 2789 in
1582 2728 1742 2810 utriusque
1771 2723 2009 2789 νει-5188118111·

191 2824 332 2889 tudinem
355 2824 514 2907 quandum
537 2827 642 2889 inesse
664 2825 882 2907 concedamus,
906 2836 1009 2890 tamen
1033 2848 1108 2889 num
1131 2848 1200 2891 eam
1220 2829 1289 2909 jure
1318 2829 1487 2910 meritoque
1516 2849 1699 2893 revocemus
1725 2828 1764 2891 ad
1791 2827 2010 2899 imitationem,

190 2925 372 3010 ambiguum
399 2927 532 3005 videtur,
554 2928 736 3008 praesertim
759 2947 855 3006 quum
881 2935 1024 2991 auctores
1047 2927 1139 2990 ambo
1162 2930 1327 2991 contrariis
1350 2931 1544 3012 argumentis
1573 2938 1713 2993 utantur.
1760 2929 1901 3009 Namque
1924 2924 2009 2990 0811·

190 3027 257 3092 1188
279 3028 353 3110 quia
375 3048 449 3111 prae
472 3026 617 3090 hostibus
640 3038 755 3090 natura
777 3027 845 3104 loci,
868 3030 976 3111 copiis,
999 3031 1095 3092 armis
1119 3029 1216 3093 multo
1239 3031 1507 3111 interiecerat,
1535 3052 1629 3094 unam
1657 3052 1744 3114 spem
1773 3031 1805 3093 in
1829 3027 2009 3093 fortitudine

188 3130 323 3214 positam
347 3149 417 3192 esse
439 3126 522 3191 haud
545 3128 714 3211 ignoravit.
755 3129 825 3207 Qua
846 3129 885 3193 dc
907 3151 1004 3194 causa
1026 3152 1120 3213 quum
1143 3131 1261 3196 milites
1282 3152 1401 3213 omnes,
1423 3154 1486 3215 qua
1508 3133 1689 3196 condicione
1711 3133 1817 3216 iniqua
1833 3151 2009 3215 premeren-

191 3241 252 3310 tur,
277 3232 439 3309 stntitent,
468 3231 591 3292 animos
617 3231 760 3293 oratione
788 3229 884 3314 longa
910 3253 1021 3295 acuere
1042 3253 1104 3296 non
1130 3234 1196 3316 jam
1227 3237 1438 3298 necessarium
1467 3234 1672 3297 existimavit.
1727 3237 1768 3297 At
1796 3255 1871 3298 vero
1894 3233 2008 3312 Nicias,

189 3332 337 3414 quoniam
361 3331 569 3394 Athenienses
592 3353 667 3414 prae
691 3331 834 3395 hostibus
857 3335 941 3396 omni
964 3343 1118 3417 apparatu
1142 3333 1214 3397 belli
1236 3338 1466 3419 superiores
1488 3347 1602 3413 essent,
1626 3343 1662 3397 ut
1691 3333 1730 3397 de
1757 3335 1890 3398 victoria
1918 3331 2008 3397 dubi-

189 3442 258 3495 tare
280 3449 343 3493 non
366 3428 482 3508 liceret,
508 3434 587 3494 satis
608 3431 720 3496 habuit
742 3437 850 3516 paucis
877 3435 983 3498 verbis
1012 3434 1130 3498 milites
1157 3435 1196 3498 de
1226 3436 1328 3500 officio
1355 3437 1533 3499 admonere.
1580 3435 1765 3500 Adherbalis
1793 3437 1892 3499 oratio
1922 3434 2008 3517 (Jug.

191 3555 259 3618 cap·
284 3535 337 3611 14)
361 3530 440 3594 nihil
463 3533 603 3595 continet
627 3535 708 3616 quod
733 3535 966 3614 Thucydideam
994 3537 1144 3619 originem
1173 3536 1322 3600 redoleat.
1378 3537 1529 3600 Nimirum
1558 3539 1626 3620 ejus
1657 3540 1740 3622 regis
1767 3537 2009 3601 lamentationes

192 3636 224 3696 in
247 3633 362 3716 quibus
384 3632 489 3696 nescio
512 3633 584 3714 quid
609 3635 759 3699 muliebre
781 3639 866 3717 insit,
889 3636 928 3700 ab
952 3639 1057 3700 animo
1081 3637 1273 3717 Thucydidis
1295 3637 1387 3719 virili,
1418 3659 1478 3722 quo
1505 3637 1557 3702 vel
1590 3640 1622 3702 in
1652 3641 1800 3703 extremis
1828 3636 1921 3701 rebus
1952 3634 2008 3701 he-

192 3733 293 3796 mines
314 3733 412 3797 verba
433 3733 584 3797 iacientes
606 3735 734 3814 inducit,
756 3736 967 3802 alienissimae
990 3745 1071 3802 sunt.
1096 3775 1137 3786 —-

293 3833 449 3910 Quantum
474 3839 503 3898 in
527 3836 664 3898 blemmii
687 3839 827 3900 oratione
851 3837 1021 3902 Sallustius
1045 3840 1236 3920 Thucydidis
1259 3841 1403 3925 vestigiis
1425 3842 1562 3920 insistat,
1585 3840 1697 3905 horum
1719 3840 1859 3905 locorum
1882 3858 2009 3922 compa·

190 3935 311 3997 ratione
333 3935 411 3997 satis
433 3934 617 4001 illustratur.
661 3937 748 4001 Cous.
770 3937 843 4020 lug.
864 3941 916 4017 31,
940 3943 994 4005 ll:
1023 3944 1146 4024 „majus
1168 3954 1218 4006 est
1239 3942 1373 4006 dedecus
1395 3950 1485 4026 parta
1506 3945 1652 4008 amittere
1674 3965 1768 4027 quum
1791 3942 1917 4006 omnine
1945 3960 2009 4004 non

192 4037 375 4118 8818111888ιι
398 4046 430 4098 81
452 4035 550 4101 Thuc.
573 4038 612 4117 ll,
640 4041 691 4118 62,
715 4039 751 4102 3:
784 4040 936 4117 ,.αἰσχιον
957 4045 993 4105 δὲ
1016 4041 1150 4122 ἔχοντας
1173 4040 1404 4127 α’φαιρεῧῆναι
1428 4042 1447 4126 ἢ
1468 4046 1649 4124 κτωμένους
1672 4041 1862 4127 oisrryriout‘:
1906 4043 2007 4122 Quam

171 4138 399 4204 ,mutuationis
422 4138 632 4218 suspicionem
655 4140 824 4203 admodum
848 4160 916 4203 esse
939 4144 1133 4224 probabilem
1156 4167 1226 4208 cum
1249 4144 1321 4208 iude
1350 4144 1456 4229 colligi
1485 4154 1597 4229 potest,
1627 4146 1708 4228 quod
1732 4144 1904 4210 Sallustius
1934 4142 2010 4207 alibi

191 4260 313 4322 quoque
337 4237 466 4301 Periclis
489 4241 646 4302 orationes
670 4244 699 4304 in
725 4264 814 4305 usum
839 4263 929 4305 suum
954 4245 1086 4310 cuntulit
1108 4258 1174 4310 turn
1197 4246 1281 4330 quod
1305 4245 1504 4326 Thucydides
1527 4256 1559 4310 et
1581 4246 1749 4312 Sallustius
1772 4248 1839 4330 pari
1863 4245 1954 4309 ruodo
1976 4246 2009 4307 in

193 4344 403 4404 narrationem
429 4347 602 4403 transeunt.
647 4340 734 4405 0881.
757 4345 829 4426 lug.
852 4344 904 4424 32,
929 4347 965 4408 1;
995 4346 1101 4427 „Haec
1123 4358 1217 4430 atque
1245 4347 1310 4411 alia
1339 4347 1575 4432 hujuscemodi
1598 4350 1723 4430 saepius
1747 4347 1880 4411 dicundo
1904 4343 2011 4430 populi

174 4442 380 4523 'persuadet‘
404 4456 435 4505 et
452 4439 548 4506 Thue.
571 4441 613 4511 11,
635 4442 686 4522 dh,
713 4448 742 4505 l:
771 4447 909 4507 τοιαῦτα
926 4440 942 4508 d
968 4448 1124 4531 Περικλῆς
1146 4451 1248 4527 λέγων
1264 4449 1417 4533 ἐπειρᾶτο
1440 4447 1512 4522 cotie
1528 4445 1722 4533 Ἀθηναίοις
1743 4451 1797 4532 τῆς
1812 4472 1846 4511 τε
1861 4446 1891 4520 ἐς
1906 4443 2010 4509 atleta

193 4540 287 4625 ὀργῆς
310 4542 522 4624 nepotesve.
570 4542 714 4608 Τ81181ιι
737 4545 875 4608 formulis
897 4551 1054 4611 munerari
1077 4570 1169 4632 posse
1192 4551 1401 4632 concedimus,
1424 4571 1532 4612 verum
1556 4572 1650 4634 quum
1679 4547 1756 4613 haec
1785 4550 1854 4631 ipsa
1875 4545 2011 4612 formula

193 4665 347 4728 nusquam
371 4647 431 4707 lere
454 4647 512 4708 nisi
537 4644 596 4709 hoe
618 4663 722 4709 nostro
746 4644 813 4709 leco
836 4650 1025 4732 inveniatur,
1048 4653 1183 4715 imitatio
1207 4652 1288 4715 uude
1311 4660 1387 4715 nata
1409 4657 1453 4714 sit
1474 4652 1584 4715 incerti
1607 4672 1668 4714 nott
1692 4671 1811 4714 sumus.

294 4743 406 4808 Restat
430 4756 463 4810 ut
484 4769 584 4829 pauca
600 4747 740 4810 dicamus
762 4747 801 4809 de
816 4749 990 4832 iugurthae
1014 4758 1095 4836 (cap.
1115 4755 1166 4837 10)
1189 4761 1222 4817 81
1240 4752 1405 4817 Phocionis
1428 4754 1624 4816 orationibus
1647 4752 1758 4833 [Thus.
1780 4750 1820 4825 ll,
1843 4750 1907 4831 89),
1931 4769 2008 4832 qua-

192 4867 260 4908 rum
285 4845 507 4910 similitudines
530 4857 635 4932 aperte
659 4849 788 4912 indicari
812 4849 1023 4918 hlullmannus
1046 4855 1216 4920 contendit.
1254 4855 1343 4933 Quod
1366 4876 1425 4936 que
1448 4858 1550 4940 tnagis
1572 4854 1726 4938 probaret,
1749 4861 1848 4916 tutam
1868 4850 2011 4916 Sallustii
