4356 5588
1092 302 1119 375 5

1002 400 1199 416 -ι-ι-Ι

181 527 245 614 γιὶρ
265 526 362 593 τοῦδε
382 524 515 591 deesset
543 521 575 589 ci
596 522 731 589 ἔπαινοί
751 521 813 588 sicr
834 524 911 603 περὶ
940 516 1059 603 ἑτέρων
1085 516 1263 600 λεγόμενοι,
1292 517 1326 592 ἐς
1357 516 1506 583 ὄσον,ἄν
1528 523 1584 581 καὶ
1613 514 1712 592 αὐτὸς
1743 518 1876 592 ἕκαστος
1905 519 2011 601 οἴηται

185 626 299 704 ἱκανὰς
319 623 405 693 εἶναι
427 627 550 714 δρᾶσαι
570 650 603 690 τι
625 621 673 689 aiv
698 621 841 708 isooos‘t
873 645 876 651 ·
895 622 1021 686 Pariter
1041 629 1208 705 utrumque
1229 619 1320 685 rides
1341 640 1443 684 mores
1475 628 1683 704 naturamque
1709 619 1861 686 lectorum
1883 618 1934 684 vel
1955 639 2013 683 au·

185 731 321 796 diturum
343 732 389 794 sic
404 729 587 813 depingere,
609 735 645 791 ut
667 726 734 805 alii,
758 727 784 789 si
808 722 883 808 quid
906 724 1130 808 exspectationi
1153 743 1263 808 parum
1293 721 1472 805 respondet,
1496 730 1654 787 auctorem
1677 722 1798 787 invidia
1819 728 2011 786 commotum

183 853 255 898 esse
277 832 475 911 arbitrentur,
498 828 555 894 alii
582 828 676 893 fidem
699 830 818 892 auctori
843 825 989 903 habeant,
1012 832 1170 909 quatenus
1185 826 1263 888 viris
1285 823 1473 888 collaudatis
1495 823 1556 889 sibi
1579 823 1726 888 ridentur
1746 844 1848 907 pares,
1864 825 2013 890 siminus

185 923 267 999 falso
290 931 425 997 relatum
448 952 518 995 esse
541 928 743 994 conclament.
786 926 930 993 Sallustii
952 926 1051 992 verba
1072 947 1166 1010 quam
1190 946 1284 1010 prope
1306 925 1345 989 ad
1369 924 1606 989 similitudinem
1634 925 1827 1006 Thucydidis
1849 925 2011 1008 accedent,

108 1104 112 1114 ,
185 1033 280 1101 facile
301 1032 468 1118 intellegis.
513 1030 661 1096 conferas
683 1029 779 1095 velim
801 1026 1071 1104 ..nicostratae
1094 1027 1148 1092 did
1173 1024 1328 1112 petram
1351 1047 1421 1090 cum
1448 1026 1591 1108 „invidia
1612 1025 1717 1091 dicta“
1746 1033 1779 1091 et
1799 1025 1850 1105 ,ἐς
1871 1025 1950 1092 ὅσον
1968 1065 2011 1078 -

187 1137 322 1209 ἕκαστος
342 1131 454 1207 ἱκανὰς
475 1135 583 1218 οἴηται
605 1132 746 1215 donicum
769 1153 840 1197 cum
862 1151 963 1213 „quae
985 1129 1045 1194 sibi
1069 1132 1200 1214 quisque
1223 1128 1326 1194 facilia
1348 1129 1434 1193 factu
1457 1131 1578 1212 putat“.

288 1236 357 1301 llon
380 1237 482 1320 magis
509 1237 668 1299 sententia
696 1233 771 1298 illa:
806 1232 872 1298 Get.
900 1233 929 1298 6.
960 1231 1000 1297 5:
1031 1231 1221 1317 „Magisque
1250 1230 1363 1295 dandis
1393 1251 1488 1314 quam
1518 1229 1710 1313 accipiundis
1738 1229 1893 1295 amicitias
1919 1251 2011 1314 para·

187 1335 285 1402 bant“
308 1336 392 1401 unde
413 1335 551 1422 proiecta
573 1337 616 1400 sit
638 1335 868 1400 dubitationem
891 1332 1018 1399 habeat.
1050 1333 1138 1398 Conf.
1162 1330 1445 1413 Thuc.1140,4;
1477 1326 1539 1410 „ori
1559 1329 1622 1416 reip
1651 1328 1836 1413 πάσχοντες
1857 1325 1902 1407 ad,
1925 1326 2011 1396 duat

187 1437 324 1524 δρῶντες
345 1435 501 1518 κτώμεθα
523 1436 599 1512 roric
622 1438 766 1520 octove.

288 1539 368 1620 Quid
384 1561 459 1606 vero
475 1538 691 1604 similitudinis
714 1541 840 1618 existat,
863 1558 959 1622 qnam
981 1535 1102 1620 Dolega
1124 1537 1204 1599 inter
1226 1533 1291 1600 Gat.
1308 1536 1375 1615 6,ss
1398 1542 1429 1599 et
1451 1533 1540 1599 Thuc
1554 1532 1595 1614 ΙΙ,
1610 1531 1698 1607 40,3
1724 1531 1915 1598 intercedere
1936 1551 2012 1596 con·

187 1639 297 1722 tendit,
320 1662 383 1706 non
405 1643 620 1726 perspicimus.
654 1638 798 1704 Ceterum
821 1660 945 1719 caveas,
968 1659 1007 1703 ne
1022 1640 1054 1702 in
1071 1659 1143 1703 eum
1166 1658 1300 1701 errorem
1317 1635 1448 1713 incidas,
1470 1644 1505 1699 nt
1528 1636 1643 1714 omnia,
1667 1655 1747 1718 quae
1763 1635 1897 1718 speciem
1913 1631 2013 1698 ullam

188 1741 406 1807 similitudinis
428 1741 576 1826 praebere
597 1741 775 1822 videantur,
798 1744 975 1805 imitatione
1005 1749 1082 1804 nata
1104 1741 1252 1823 opineris.
1296 1738 1364 1818 Quo
1387 1758 1491 1802 errore
1512 1736 1596 1800 ducti
1619 1735 1775 1818 videntur,
1798 1738 1851 1820 qui
1868 1735 2013 1801 Sallustii

188 1842 287 1909 verba
309 1842 376 1908 (lat.
399 1845 463 1922 9,1
486 1846 555 1928 „jus
579 1844 760 1927 bonumque
782 1841 866 1925 apud
889 1863 943 1906 eos
965 1863 1028 1906 non
1050 1840 1175 1925 legibus
1198 1841 1300 1924 magis
1322 1861 1416 1924 quam
1439 1846 1554 1904 natura
1575 1837 1724 1903 valebat“
1754 1838 1795 1901 ad
1819 1837 2012 1918 Thucydidis

188 1943 361 2026 client:
393 1940 453 2018 ,ου’
474 1947 693 2028 παραινοῦμεν
715 1984 756 1994 -
779 1945 954 2025 piperem)
976 1943 1027 2008 vel
1048 1943 1088 2007 ad
1112 1943 1261 2007 Isocratis
1283 1940 1453 2024 (Panegyr.
1471 1940 1511 2005 78
1534 1940 1621 2023 pbd
1638 1939 1691 2004 a:
1728 1935 1947 2017 ,Ἠπισταντο
1969 1978 2012 1990 -

187 2041 464 2130 ὁμονοήσουσινι)
494 2046 673 2129 exemplum
697 2047 849 2129 respicere
871 2053 1026 2109 statuunt.
1071 2044 1151 2109 Nam
1181 2045 1243 2108 etsi
1271 2063 1401 2120 sensus,
1428 2063 1522 2124 quem
1552 2040 1585 2105 hi
1613 2040 1674 2106 loci
1704 2041 1854 2123 fundunt,
1880 2043 2013 2106 nonita

189 2145 293 2211 differt
315 2145 354 2210 ab
377 2148 540 2210 enuntiato
564 2146 766 2222 Sallustiano,
790 2155 895 2210 tamen
918 2166 980 2210 non
1003 2167 1040 2210 eo
1064 2146 1257 2223 adducimur,
1280 2152 1315 2208 ut
1338 2143 1534 2223 Sallustium,
1558 2144 1648 2227 quasi
1671 2163 1710 2207 ex
1732 2164 1789 2207 suo
1813 2164 1940 2226 prorsus
1962 2145 2012 2208 ni-

189 2245 235 2311 hil
257 2267 381 2310 sumcre
409 2249 583 2331 potuisset,
612 2247 717 2311 ubivis
741 2246 929 2312 Graecorum
957 2249 1072 2311 scrinia
1099 2245 1286 2330 compilasse
1314 2243 1493 2326 credamus,
1522 2246 1705 2328 praesertim
1734 2266 1828 2328 quum
1857 2245 2013 2328 ejusmodi

190 2348 366 2412 sententiae
388 2357 472 2413 certe
494 2349 609 2412 suerint
632 2350 662 2411 in
686 2351 825 2413 omnium
849 2369 912 2413 ore.
958 2347 1075 2413 Omnes
1099 2350 1182 2411 enirn
1206 2350 1390 2431 scriptores,
1421 2349 1476 2429 qui
1499 2355 1638 2430 tempore
1666 2367 1726 2430 quo
1750 2344 1921 2427 Sallustius
1943 2347 2012 2412 fue-

189 2455 264 2513 runt
285 2485 327 2498 -
347 2457 418 2514 erat
438 2458 544 2514 autem
566 2458 656 2514 aetas
677 2449 743 2531 illa,
767 2471 831 2534 qua
852 2448 938 2533 leges
961 2451 1000 2514 ad
1023 2453 1142 2534 priscos
1164 2472 1268 2515 mores
1290 2447 1478 2530 redigendos
1499 2468 1561 2512 non
1580 2449 1647 2531 jam
1669 2447 1819 2511 valebant
1841 2484 1882 2495 —
1909 2449 2012 2514 simile

191 2549 267 2636 quid
287 2550 494 2636 protulerunt,
516 2551 547 2615 id
570 2551 651 2635 quod
675 2551 827 2636 exemplis
850 2555 929 2615 satis
953 2551 1113 2617 illustrare
1134 2573 1310 2636 possumus.
1344 2548 1430 2615 Nihil
1451 2551 1548 2633 igitur
1569 2547 1628 2612 hac
1649 2551 1681 2612 in
1705 2569 1737 2612 re
1760 2547 1935 2629 Thucydidi
1957 2551 2011 2615 de·

191 2650 258 2716 heri
279 2651 543 2718 verisimillimum
566 2662 624 2717 est.
647 2690 688 2700 -
710 2692 752 2703 ·—
780 2653 850 2718 lam
880 2652 1120 2738 perpendamus,
1150 2674 1225 2716 num
1254 2655 1336 2716 inter·
1358 2650 1572 2730 Thucydidem
1602 2659 1634 2715 et
1655 2650 1838 2716 Sallustium
1861 2649 1936 2717 talis
1958 2652 2012 2716 de·

191 2754 371 2835 scriptionis
393 2755 542 2817 virtutem
564 2774 748 2837 morumque
771 2767 985 2838 corruptorum
1009 2756 1053 2817 sit
1075 2756 1251 2833 consensio,
1274 2752 1397 2836 qualem
1419 2752 1536 2835 Popp0,
1560 2751 1689 2835 Dolega,
1712 2751 1934 2833 Mollmaunus,
1957 2754 2012 2820 alii

191 2863 331 2919 censent.
374 2856 418 2920 dc
440 2856 574 2937 primum
597 2855 654 2918 hos
677 2856 839 2919 amborum
861 2854 947 2919 locos
970 2863 1251 2937 comparaverunt:
1282 2855 1349 2918 cat.
1368 2855 1417 2920 10.
1434 2854 1517 2918 3-5
1539 2853 1661 2937 „Igitur
1682 2857 1781 2938 primo
1803 2857 1955 2940 pecuniae
1970 2893 2011 2906 -

192 2953 288 3019 lalsos
310 2954 379 3020 fieri
401 2956 547 3040 subegit“
568 2965 601 3020 ct
624 2955 721 3019 Tlruc.
743 2955 800 3034 ΙΙΙ,
823 2957 872 3032 82,
899 2956 982 3020 6-8
1005 2964 1080 3030 ,καὶ
1102 2955 1167 3035 μὴν
1188 2953 1272 3019 sacci
1295 2952 1333 3018 sd
1355 2959 1499 3034 ξυγγενές
1520 2991 1561 3001 -
1581 2953 1636 3018 dcci
1661 2957 1857 3031 πλεονεξίαν
1877 2964 1933 3021 sal
1955 2981 2012 3042 rpr-

190 3055 371 3135 dorrpr'ur“.
415 3056 452 3122 ln
475 3056 525 3122 his
548 3059 709 3140 utriusque
731 3056 836 3120 verbis
859 3055 946 3119 nulla
966 3055 1107 3139 profecto
1131 3056 1195 3121 alia
1217 3056 1391 3121 similitudo
1415 3060 1567 3134 cernitur,
1598 3078 1691 3140 quarn
1715 3056 1798 3140 quod
1820 3060 1901 3124 sicut
1925 3058 2011 3125 Thn-

189 3156 320 3235 tydides
347 3160 396 3223 ita
421 3158 594 3226 Sallustius
621 3159 875 3241 depravationem
909 3180 1030 3221 morum
1060 3178 1098 3221 ex
1129 3160 1251 3241 imperii
1278 3158 1464 3242 cupiditate,
1494 3160 1643 3238 avaritia,
1671 3158 1844 3223 ambitione
1865 3181 2012 3227 manasse

190 3257 280 3322 dicit.
323 3260 423 3343 Atque
444 3260 597 3346 ejusmodi
621 3259 788 3342 descriptio
811 3262 838 3324 si
862 3260 920 3323 hoc
943 3269 1067 3322 tantum
1089 3258 1158 3323 loco
1181 3262 1393 3339 inveniretur,
1422 3280 1484 3323 raon
1506 3266 1600 3336 esset,
1629 3279 1683 3322 cur·
1706 3259 1874 3325 Sallustius
1898 3259 2011 3327 bacin

192 3380 226 3422 re
255 3358 448 3439 Thucydidis
478 3363 620 3426 aemulus
647 3365 869 3426 nominaretur.
916 3361 976 3426 Sed
1008 3360 1062 3424 alii
1095 3360 1186 3425 nobis
1215 3369 1382 3426 occurrunt
1408 3358 1484 3437 loci,
1514 3361 1567 3443 qui
1590 3358 1775 3424 Sallustium
1803 3370 1902 3427 totam
1924 3363 2012 3430 illam

192 3458 386 3540 Thucydidis
408 3461 629 3546 desciptionem
651 3465 826 3547 inspexisse
848 3470 881 3526 et
903 3462 976 3526 inde
997 3462 1150 3526 nonnulla
1172 3461 1374 3526 transtulisse
1396 3459 1488 3524 nobis
1511 3461 1732 3543 persuadeant.

294 3560 349 3626 Oui
372 3563 414 3626 rei
439 3565 575 3627 manime
597 3572 646 3627 est
668 3572 853 3648 argumento
875 3568 955 3648 conj.
978 3564 1045 3628 Cat.
1067 3573 1162 3646 caput
1183 3564 1235 3642 38,
1264 3561 1345 3645 quod
1368 3569 1433 3624 tarn
1465 3559 1638 3626 luculenter
1660 3562 1853 3642 Thucydidis
1875 3567 2012 3630 auctori·

193 3670 290 3726 tatem
311 3663 423 3746 prodit,
447 3673 484 3728 ut
506 3666 732 3728 mutuationem
755 3665 880 3749 longius
903 3667 1048 3749 prosequi
1070 3685 1197 3747 prorsus
1219 3661 1490 3747 supersedeamus.
1528 3663 1613 3729 Conl.
1637 3664 1733 3730 Thuc.
1749 3665 1804 3748 111,
1827 3666 1879 3747 82,
1901 3668 1938 3732 S:
1959 3663 2013 3746 „ci

192 3760 228 3826 ἓν
248 3777 319 3834 ταῖς
340 3762 457 3829 πόλεσι
478 3803 520 3815 -
538 3763 598 3838 cola
618 3769 774 3849 τιμωρίας
796 3765 845 3829 dre
866 3768 1023 3845 μει’ζιυς“.
1046 3804 1088 3815 -

296 3862 401 3926 ldinus
423 3865 513 3928 nobis
536 3865 648 3950 placet,
671 3865 754 3951 quod
778 3865 898 3950 Dolega
921 3867 1002 3932 Hist.
1024 3867 1039 3931 I
1062 3867 1098 3931 fr.
1122 3868 1139 3931 7
1162 3875 1195 3931 ιι
1215 3866 1329 3931 Hist.I
1351 3867 1388 3932 fr.
1411 3867 1514 3932 8-11
1539 3866 1576 3931 ad
1602 3866 1816 3948 Thucydidem
1838 3868 1895 3948 ΙΙΙ,
1917 3868 2012 3951 82,2

194 3962 326 4029 rettulit.
370 3964 476 4047 Neque
499 3970 599 4050 magis
620 3969 811 4032 assentimur
832 3970 871 4031 iis
893 3971 978 4047 viris,
1002 3970 1056 4052 qui
1080 3967 1157 4033 haec
1179 3967 1373 4033 Sallustiana
1394 3968 1464 4034 eat.
1483 3970 1533 4052 10,
1557 3972 1589 4034 1;
1612 3968 1751 4050 „Cuncta
1774 3972 1873 4033 maria
1895 3977 2011 4037 ternas·

191 4087 256 4159 que
277 4065 449 4148 patebant“
472 4066 663 4147 Thucydidis
685 4091 754 4134 esse
773 4068 931 4133 affirmant
947 4080 977 4133 et
995 4070 1077 4134 hunc
1091 4070 1284 4135 laudationis
1299 4070 1440 4135 funebris
1462 4069 1565 4135 locum
1587 4069 1730 4135 laudant:
1754 4069 1852 4136 Thuc.
1868 4070 2012 4155 11,41,4

194 4163 301 4245 „dud
325 4169 440 4229 πᾶσαν
462 4163 641 4230 θάλασσαν
667 4180 723 4233 καὶ
744 4175 804 4255 γῆν
831 4169 973 4253 indecor
1000 4175 1039 4253 τῇ
1062 4167 1202 4253 ἡμετέρᾳ
1229 4168 1332 4261 τόλμῃ
1360 4169 1672 4251 καταναγκάσαντες
1700 4175 1888 4251 ravished&
1932 4176 2011 4240 Nam

189 4267 226 4330 id
250 4266 376 4352 quidem
398 4270 529 4351 cogitari
543 4276 656 4353 ,potest
677 4271 871 4349 Sallustium,
895 4271 1010 4352 quippe
1031 4274 1085 4355 qui
1107 4270 1356 4355 magnitudinem
1384 4274 1506 4356 imperii
1528 4271 1662 4336 Romani
1691 4275 1849 4357 ingentem
1878 4275 2013 4339 breviter·

195 4371 401 4452 perstringere
423 4370 484 4434 sibi
507 4373 730 4456 proposuisset
754 4371 945 4452 Thucydidis
970 4374 1097 4436 minime
1125 4394 1293 4437 memorem
1316 4374 1512 4458 (praesertim
1536 4375 1568 4437 in
1591 4395 1623 4438 re
1646 4383 1710 4439 tarn
1733 4377 1821 4454 trita)
1843 4397 1919 4440 casu
1940 4397 2012 4440 curn

196 4466 379 4549 Thucydide
399 4474 593 4555 congruisse.
626 4470 663 4535 ln
686 4472 787 4536 medio
810 4473 1025 4558 relinquimus,
1049 4494 1122 4537 num
1147 4473 1224 4538 haec
1239 4473 1383 4538 Sallustii
1404 4475 1501 4539 verba
1523 4475 1700 4556 Thucydidi
1722 4476 1912 4541 vindicanda
1930 4478 2011 4542 sint:

194 4569 321 4654 lugd,
344 4571 378 4634 3:
410 4572 595 4652 „Postremo
619 4573 757 4657 corporis
780 4584 811 4637 et
833 4575 978 4639 fortunae
1007 4575 1216 4655 bonorunrut
1238 4577 1362 4639 initium
1384 4578 1429 4640 sic
1451 4577 1524 4641 finis
1554 4588 1587 4643 et
1606 4581 1713 4643 omnia
1733 4599 1815 4662 quae
1841 4586 1911 4641 orta
1930 4579 2013 4643 occi·

193 4669 293 4736 duut“
317 4676 394 4734 conl.
419 4674 515 4738 Thuc.
539 4674 579 4755 ll,
602 4676 652 4754 64,
676 4675 711 4738 3:
747 4673 966 4758 ,πάνταγὰρ
990 4680 1116 4758 πέφυκε
1138 4687 1194 4738 και
1216 4677 1472 4740 ἐλασσοῦσθαιι

296 4772 383 4850 Quae
411 4774 551 4857 quodam
576 4775 666 4840 modo
696 4777 872 4840 consentire
899 4797 1097 4860 nequaquam
1127 4777 1318 4856 infitiamur,
1354 4786 1389 4842 at
1417 4786 1522 4844 tamen
1549 4779 1703 4865 ejusmodi
1731 4781 1909 4845 sententiae
1942 4802 2012 4865 per-

193 4872 345 4958 vulgatae
371 4884 510 4942 exstant.
551 4876 622 4943 Huc
650 4877 774 4943 accedit
795 4877 878 4962 qnod
907 4880 999 4945 ambo
1023 4884 1060 4945 de
1082 4882 1309 4945 sententiarum
1330 4900 1474 4945 connexu
1495 4879 1693 4948 dissentiunt.
1735 4879 1906 4947 Sallustius
1928 4885 2012 4948 enirn
