4356 5588
1070 264 1097 334 8

980 361 1187 376 ψ

169 506 275 567 uerus,
297 482 561 565 Bsdstuebuerus,
583 479 787 561 Roholslrius,
809 479 979 556 Usenerus,
1002 479 1068 545 alii.
1106 479 1146 544 Hi
1168 485 1274 545 autem
1290 481 1437 563 quoniam
1460 480 1574 544 mirum
1590 485 1742 563 quantum
1764 478 1847 543 inter
1867 497 1903 543 se
1924 476 1989 544 dis·

172 594 309 669 crepant,
332 587 429 649 etiam
451 582 673 668 perpendenda
695 589 769 647 sunt
786 580 914 666 judicia,
938 602 1019 665 quae
1044 582 1084 647 de
1106 580 1167 646 hac
1195 602 1229 645 re
1252 582 1485 645 commentariis
1506 579 1673 662 Gerlachii,
1696 581 1855 665 Herzogii,
1879 579 1991 644 Kritzii

172 687 312 770 Jordani,
334 683 488 752 Dietschii
510 686 719 748 continentur.
755 684 826 749 Jam
849 681 927 748 haec
951 685 1057 747 omnia
1078 682 1318 767 respicientibus
1340 682 1431 746 nobis
1458 684 1601 765 quaestio
1625 684 1670 746 sic
1692 681 1878 763 movebitur,
1899 688 1937 746 ut
1957 683 1992 747 in

170 787 272 853 altera
293 796 382 873 parte
404 787 442 852 de
465 787 640 850 imitatione
663 784 814 863 Sallustii,
838 784 961 868 qualem
984 787 1016 849 iu
1039 784 1169 848 consilio
1192 785 1418 867 sententiisque
1434 783 1659 847 transferendis
1687 785 1747 847 viri
1769 784 1852 849 docti
1874 803 1990 868 agnos·

175 911 243 955 cere
265 890 326 955 sihi
347 890 526 967 videantur,
549 888 581 950 iu
603 884 704 951 altera
717 895 805 970 parte
826 885 865 951 de
887 887 981 951 rebus
999 889 1223 971 grammaticis,
1247 894 1403 971 quatenus
1424 884 1464 949 ad
1483 884 1677 964 Thucydidis
1699 884 1877 969 exemplum
1898 905 1990 950 revo-

172 1000 291 1074 centur,
313 992 513 1056 disseramus.

277 1107 477 1188 Thucydides
498 1104 583 1170 haud
605 1104 699 1169 dubie
720 1107 840 1189 primus
862 1103 944 1188 apud
960 1106 1080 1170 Atticos
1102 1125 1152 1170 res
1174 1125 1236 1169 non
1259 1102 1351 1168 modo
1374 1109 1491 1185 narrat,
1514 1102 1567 1167 sed
1591 1105 1685 1169 etiam
1706 1106 1831 1189 penitus
1853 1103 1993 1168 animum

177 1210 344 1276 intendens
366 1210 406 1274 ad
430 1229 532 1273 mores
555 1229 592 1271 ac
614 1216 765 1291 tempora,
788 1227 868 1291 quae
890 1205 1047 1286 describit,
1069 1213 1202 1270 eventus
1224 1226 1294 1271 cum
1317 1207 1420 1269 causis
1442 1204 1610 1289 prudenter
1631 1208 1790 1270 connectit
1810 1209 1841 1269 et
1862 1204 1937 1290 quid
1958 1205 1993 1270 in

177 1332 301 1395 quaque
323 1332 356 1375 re
378 1311 507 1373 maximi
524 1310 567 1372 sit
588 1310 738 1372 momenti
761 1310 868 1392 paucis
891 1308 945 1372 sed
968 1308 1112 1373 neruosis
1127 1307 1327 1372 lineamentis
1350 1308 1486 1390 exponit.
1521 1306 1637 1370 Eadem
1653 1310 1714 1370 scre
1737 1309 1858 1372 rationo
1873 1309 1993 1391 primus

176 1413 260 1496 apud
284 1413 443 1476 Romanos
464 1410 636 1476 Sallustius
658 1409 755 1475 libros
777 1430 851 1474 suos
874 1429 1060 1494 componere
1082 1408 1240 1473 studebat.
1264 1445 1304 1455 —
1328 1409 1370 1472 Ae
1391 1407 1472 1472 forte
1494 1409 1576 1471 inter
1597 1410 1762 1494 utriusque
1784 1410 1883 1473 vitam
1905 1408 1993 1472 simi-

178 1511 280 1578 litudo
303 1512 457 1598 quaedam
479 1511 655 1575 intercedit.
695 1510 864 1574 Araborum
891 1512 974 1574 enim
1003 1522 1093 1574 aetas
1121 1511 1231 1575 incidit
1256 1513 1288 1574 in
1311 1518 1453 1593 tempora
1474 1508 1528 1572 illa
1546 1508 1709 1599 luctuosa,
1738 1509 1851 1595 quibus
1872 1511 1995 1594 patriae
2040 1538 2045 1552 ·

179 1613 363 1680 domesticis
385 1614 584 1697 externisque
612 1612 758 1696 periculis
779 1619 1028 1677 concuterentur.
1076 1611 1200 1676 Pariter
1228 1613 1324 1675 etiam
1357 1611 1544 1693 depravatus
1573 1613 1736 1676 civitatum
1759 1619 1863 1676 status
1885 1611 1994 1692 effecit,

181 1722 217 1780 ut
238 1725 378 1800 uterque,
402 1715 617 1797 quamprimo
641 1712 883 1796 rempublicam
906 1714 1127 1796 capessivisset
1148 1734 1340 1797 magnosque
1366 1710 1406 1775 ad
1428 1709 1563 1777 honores
1585 1713 1788 1793 ascendisset,
1818 1735 1838 1777 a
1858 1714 1999 1798 negotiis

178 1816 314 1901 publicis
336 1823 448 1900 postea
469 1835 504 1878 se
526 1835 686 1879 removere
707 1822 802 1898 atque
828 1815 926 1878 otium
950 1812 1093 1879 inlibris
1120 1813 1345 1898 componendis
1374 1834 1556 1878 consumere
1584 1815 1797 1880 constitueret
1840 1815 1996 1900 Inspicias
2038 1821 2043 1829 ’

179 1915 277 1983 velim
300 1915 397 1982 Thuc.
420 1917 455 1981 V.
478 1917 529 1998 26,
552 1916 636 1982 5-6
658 1913 720 1996 (ed.
745 1913 888 2000 Classen)
910 1913 1068 1995 „enesim
1088 1953 1130 1965 -
1153 1917 1362 1980 aiodeotlur‘
1390 1923 1422 1979 et
1444 1912 1511 1978 Cat.
1532 1915 1564 1979 4.
1589 1918 1616 1995 l,
1639 1915 1676 1980 2:
1710 1916 1831 2000 „lgitur
1851 1953 1893 1964 —
1915 1915 1994 1981 libs·

181 2021 287 2084 rerat‘⁸
328 2017 412 2082 Hinc
433 2022 523 2101 patet
545 2017 675 2100 exprimi
700 2015 885 2081 Sallustium
907 2034 1034 2080 causam
1057 2017 1176 2099 afferre,
1199 2038 1253 2082 cur
1274 2037 1401 2100 operam
1423 2017 1454 2080 in
1478 2014 1611 2081 historia
1627 2016 1782 2081 scribendi
1803 2018 1944 2102 posuerit
1964 2023 1997 2082 et

182 2120 325 2204 inprimis
347 2138 401 2182 cur
422 2117 462 2181 ad
485 2117 648 2181 historiam
670 2124 754 2180 recte
775 2116 971 2182 scribendam
998 2119 1058 2202 ipsi
1084 2118 1145 2182 sibi
1175 2121 1264 2183 visus
1294 2119 1338 2183 sit
1365 2120 1501 2182 maxime
1530 2117 1672 2182 idoneus.
1716 2117 1805 2197 Quod
1827 2118 1911 2184 idem
1932 2117 1997 2183 iere

182 2217 399 2299 Thucydidem
421 2218 460 2283 de
481 2218 612 2284 consilio
634 2216 789 2281 scribendi
812 2219 1005 2303 praesentem
1027 2219 1127 2285 vides.
1178 2220 1365 2304 Ceteroquin
1386 2226 1538 2304 quantum
1561 2239 1600 2284 ex
1621 2219 1815 2300 Thucydidis
1837 2220 1997 2305 prooemio

183 2320 355 2388 Sallustius
377 2318 581 2401 transtulerit,
603 2318 697 2405 paulo
720 2321 800 2384 iufra
821 2319 1062 2403 disputabimus.

286 2436 367 2503 Sunt
386 2458 478 2522 porro
501 2441 554 2522 qni
584 2437 832 2520 digressionibus
854 2437 932 2521 illis,
960 2459 1039 2523 quas
1068 2437 1238 2505 Sallustius
1268 2439 1394 2523 saepius
1421 2437 1509 2502 libris
1538 2439 1604 2503 suis
1628 2438 1777 2519 inseruit,
1805 2437 2000 2519 Thucydidis

182 2540 401 2604 anctoritatem
423 2539 554 2603 indicari
575 2539 713 2604 credant.
756 2540 821 2604 Eae
842 2560 918 2604 vero
941 2560 1011 2604 cum
1033 2539 1138 2604 ubivis
1160 2541 1281 2605 tamin
1312 2541 1437 2624 seriptis
1461 2541 1658 2622 antiquorum
1686 2540 1901 2605 inveniuntur.
1944 2544 1999 2607 at-

185 2660 245 2724 que
267 2638 329 2704 fert
350 2659 453 2703 rerum
475 2649 598 2722 natura,
621 2648 657 2704 ut
677 2639 830 2723 historici,
852 2643 879 2705 si
903 2641 1028 2726 quidem
1051 2641 1102 2706 vel
1122 2640 1192 2707 loca
1213 2641 1265 2705 vel
1282 2639 1427 2705 homines
1441 2641 1618 2705 accuratius
1633 2639 1795 2726 aliquanto
1818 2640 2000 2728 depingunt,

186 2739 344 2804 interdum
365 2762 386 2804 a
406 2761 439 2803 re
460 2743 621 2824 proposita
641 2741 866 2825 digrediantur.
909 2744 1008 2821 Quam
1031 2741 1071 2805 ad
1093 2744 1248 2808 rationem
1274 2751 1397 2823 praeter
1419 2749 1522 2805 cetera
1549 2742 1686 2806 maxime
1706 2744 1871 2808 varietatis
1895 2743 2000 2810 studio

187 2861 244 2905 eos
265 2839 384 2925 impelli
405 2842 460 2904 vix
488 2850 536 2905 est
564 2840 647 2925 quod
676 2862 870 2906 moneamus.
920 2841 1049 2906 Minime
1076 2843 1238 2927 igiturex
1267 2864 1300 2906 re
1327 2845 1394 2927 ipsa
1417 2843 1600 2907 concludere
1627 2845 1766 2929 cogimur
1788 2843 1932 2909 Sallustii
1954 2845 2001 2909 di·

184 2944 374 3025 gressiones,
397 2943 543 3026 quamvis
565 2941 691 3005 crebrae
713 2944 786 3024 sint,
809 2943 962 3008 indicium
984 2945 1170 3008 imitationis
1197 2951 1252 3008 aut
1273 2943 1467 3025 Thucydidis
1489 2955 1544 3009 aut
1571 2944 1703 3010 aliorum
1733 2952 1866 3009 exstare.
1908 2944 2001 3011 Pror-

187 3063 242 3107 sus
264 3041 355 3108 aliter
377 3051 483 3107 autem
505 3041 598 3106 nobis
615 3042 821 3125 judicandum
843 3045 912 3124 erit,
935 3046 962 3108 si
986 3053 1204 3129 argumentum
1232 3067 1354 3130 quoque
1385 3044 1494 3110 harum
1526 3046 1756 3130 digressionum
1779 3045 1825 3131 (id
1847 3046 1930 3130 quod
1952 3047 2004 3115 hic

183 3147 251 3226 jam
273 3165 328 3227 pro
351 3151 435 3208 certo
457 3142 614 3208 affirmare
636 3146 753 3227 ausim)
777 3147 929 3229 originem
950 3146 1123 3232 prodiderit
1145 3149 1397 3212 transmarinam.

289 3279 431 3362 Denique
453 3278 581 3344 dubium
604 3301 667 3344 non
690 3279 824 3361 videtur,
847 3282 921 3364 quin
944 3280 1113 3346 Sallustius
1136 3285 1293 3348 orationes
1315 3281 1403 3345 libris
1425 3283 1562 3344 intextas
1583 3280 1726 3345 nonnihil
1747 3281 1789 3346 ad
1812 3281 2004 3365 Thucydidis

186 3376 364 3463 exemplum
388 3380 637 3446 conformaverit.
692 3381 841 3446 Libenter
870 3383 1071 3448 concedimus
1098 3384 1180 3449 hanc
1207 3382 1365 3448 inserendi
1380 3380 1504 3466 quidem
1528 3383 1785 3447 consuetudinem
1808 3382 1912 3449 solum
1935 3385 2004 3454 Sal·

185 3480 317 3546 lustium
330 3488 365 3543 et
380 3479 593 3560 Thucydidem
609 3503 807 3567 nequaquam
830 3482 1007 3565 adamasse,
1030 3485 1106 3550 Cato
1124 3486 1207 3549 enim
1225 3486 1291 3568 jam
1314 3485 1343 3547 ei
1358 3483 1437 3546 mori
1451 3481 1583 3547 indulsit
1605 3483 1699 3566 (conf.
1719 3482 1825 3550 Cicero
1842 3485 1931 3553 Brut.
1946 3489 2003 3556 89:
2024 3480 2038 3561 ζ
2066 3485 2077 3499 “

190 3581 252 3663 ,,Μ.
268 3580 344 3646 Cato
360 3580 461 3664 legem
485 3581 623 3646 suadens
644 3584 676 3646 iu
692 3583 824 3648 Galbam
837 3584 938 3650 multa
954 3586 1042 3666 dixit,
1065 3607 1159 3669 quam
1175 3587 1349 3650 orationem
1365 3584 1396 3648 in
1414 3583 1558 3668 Origines
1574 3605 1649 3649 suas
1666 3586 1821 3670 rettulit‘)
1844 3595 1878 3652 at
1899 3594 2006 3656 tamen

189 3684 339 3763 quoniam
361 3681 446 3747 haud
469 3704 539 3747 raro
562 3684 745 3765 sententias,
775 3707 853 3769 quas
877 3685 1076 3767 Thucydides
1099 3687 1239 3772 protulit,
1263 3684 1388 3749 easdem
1411 3685 1443 3748 in
1466 3685 1661 3750 orationihus
1684 3684 1825 3752 Sallustii
1848 3691 2004 3773 repperiri,

190 3783 317 3866 figuras,
340 3783 491 3849 formulas
513 3791 764 3868 structuramque
791 3786 959 3851 verborum
986 3787 1080 3852 simili
1104 3789 1195 3854 modo
1222 3795 1389 3871 usurpatas
1416 3807 1486 3851 esse
1514 3796 1656 3872 apparet,
1686 3808 1763 3852 sane
1792 3790 1910 3875 optimo
1935 3791 2006 3875 juro

189 3881 248 3947 hac
270 3885 302 3946 in
327 3903 360 3947 re
380 3883 566 3951 Sallustium
591 3884 784 3965 Thucydidis
806 3890 943 3972 vestigia
963 3889 1117 3972 pressisse
1139 3888 1325 3955 contendere
1345 3887 1430 3952 licet.

294 4016 355 4083 Sed
369 4024 567 4084 transeamus
579 4020 704 4086 tandem
716 4019 758 4086 ad
770 4025 954 4104 sententias,
968 4046 1047 4108 quas
1059 4024 1228 4091 Sallustius
1245 4025 1275 4088 in
1295 4044 1387 4087 usum
1405 4042 1497 4087 suum
1516 4020 1659 4102 contulit,
1676 4023 1894 4090 recensendas.
1912 4061 2007 4075 --

192 4123 236 4185 Ac
263 4121 399 4204 primum
428 4119 467 4182 de.
489 4123 647 4202 prooemio
676 4122 899 4206 disputandum
924 4126 994 4189 erit.
1029 4125 1228 4207 Thucydides
1250 4125 1290 4190 ad
1319 4145 1397 4209 opus
1419 4145 1511 4188 snum
1534 4125 1579 4186 sic
1601 4123 1800 4207 aggreditur,
1828 4135 1865 4192 ut
1885 4148 1948 4212 qua
1968 4127 2007 4193 de

193 4242 290 4288 causa
311 4221 511 4306 potissimum
533 4219 615 4284 hello
637 4221 977 4310 Peloponnesiaco
999 4226 1201 4291 describendo
1222 4248 1256 4291 se
1273 4225 1435 4306 dediderit,
1457 4225 1565 4309 paucis
1582 4226 1712 4307 aperiat.
1746 4225 1867 4293 Deinde
1886 4249 1907 4293 a
1924 4230 2008 4314 prin·

193 4325 273 4407 cipio
296 4323 341 4388 rei
363 4320 508 4408 publicae
529 4340 621 4385 susm
647 4343 745 4408 usque
775 4325 815 4390 ad
845 4333 981 4390 aetatem
1010 4348 1058 4391 res
1085 4349 1105 4392 a
1131 4328 1256 4394 Graecis
1282 4335 1390 4411 gestas
1424 4328 1560 4391 breviter
1584 4325 1765 4409 perlustrat.
1808 4329 1846 4394 In
1875 4329 2009 4394 eundem

191 4423 318 4487 modum
341 4421 512 4490 Sallustius
540 4423 631 4486 initio
654 4427 877 4508 conjurationis
904 4425 1105 4493 Catilinariae
1132 4436 1163 4493 et
1193 4429 1266 4493 belli
1295 4427 1476 4511 Jugurthini
1505 4427 1674 4493 exorditur.
1718 4427 1804 4495 Coni.
1827 4430 1899 4514 Jug.
1921 4430 1952 4514 ὃ,
1976 4433 2009 4496 1:

191 4522 340 4606 „Bellum
366 4526 539 4609 scripturus
565 4544 634 4588 sum
661 4526 795 4608 primum
822 4531 899 4613 quia
925 4549 1110 4612 maguum
1140 4541 1172 4596 et
1197 4539 1288 4595 atrox
1315 4530 1402 4593 iuit“
1426 4531 1467 4612 :et
1494 4527 1561 4594 Cat.
1583 4529 1614 4593 4.
1637 4532 1667 4610 3,
1688 4530 1727 4594 4:
1763 4530 1830 4610 „Do
1856 4531 2010 4598 Catilinas

191 4626 406 4711 conjuratione
426 4625 602 4708 absolvam,
624 4646 698 4691 nam
720 4627 752 4690 id
780 4629 902 4694 facinus
930 4633 963 4695 in
989 4632 1097 4715 primis
1125 4651 1183 4714 ego
1210 4629 1465 4697 memorabile
1495 4632 1627 4695 aest-imo
1658 4631 1897 4714 comThual,
1922 4635 2009 4717 1,1:

190 4725 414 4811 ,,Θονκνδίδης
438 4729 626 4812 ξυνέγραψε
655 4726 714 4792 τὸν
742 4727 889 4812 πόλεμον
915 4736 983 4797 τῶν
1013 4733 1288 4818 Πελοποννησίων
1322 4741 1378 4795 καὶ
1399 4728 1585 4815 Ἀθηναίων
1612 4768 1653 4780 -
1678 4731 1814 4807 ἐλπίσας
1846 4737 1953 4817 μέγαν
1972 4759 2009 4799 τε

192 4827 331 4893 deludas
351 4835 408 4891 καὶ
428 4822 716 4910 α’ξνολογῶτατον“.

1766 4920 1809 4984 1⁸
