4328 5580
963 270 1014 343 16

77 503 193 572 paucos
217 486 323 552 omnia
344 483 508 552 commoda
528 491 702 551 referantur
722 484 777 550 sed
799 486 939 551 omnium
961 483 1152 549 utilitatibus
1180 484 1401 549 inserviatur“.
1453 483 1593 564 Quourm
1621 486 1764 573 exemplo
1791 499 1894 562 conte.

78 586 176 653 reuda
195 595 344 673 putamus
371 586 448 653 haec
473 587 571 652 verba
601 586 751 652 Sallustii.
796 587 880 651 Hist.
911 585 936 665 I,
964 587 1022 652 45:
1055 587 1203 668 „Etruria
1229 588 1332 651 omnis
1360 594 1507 671 suspecta
1534 588 1567 651 in
1595 588 1764 655 tumultum
1794 602 1896 679 eraut,
2016 662 2021 669 ¹

78 691 133 772 qui
147 688 235 755 locus
250 688 418 754 manifesto
440 696 619 754 contractus
633 697 682 752 est
697 710 735 753 ex
758 688 905 769 „Etruria
919 697 1066 771 suspecta
1087 696 1156 752 erat
1170 687 1317 772 procliuia
1339 709 1410 753 esse
1431 687 1471 751 ad
1487 686 1656 753 tumultum
1676 695 1892 768 exitaadnm“.

75 787 230 875 Inspicias
248 809 340 874 porro
354 791 470 856 velim:
498 791 581 855 Hist.
606 791 707 868 1,13:
742 787 910 870 „Omnium
925 792 1061 873 partium
1077 791 1172 854 decus
1192 792 1230 854 iu
1253 789 1658 874 mercedemeorrnptum
1674 798 1771 864 erat“.
1806 800 1893 868 Haec
1976 846 1980 851 .
2009 872 2012 877 ι

79 890 120 957 ab
155 911 214 956 usu
242 891 399 957 cotidiano
429 892 522 977 plane
548 891 691 957 recedere
719 892 890 976 unicuique
919 899 1017 975 patet.
1082 891 1221 957 Similem
1250 891 1529 976 breviloquentiam
1566 893 1648 976 apud
1679 895 1891 979 Thucydidem

79 992 267 1058 iuvenImus.
309 993 393 1073 VIII,
415 994 472 1060 38:
504 997 581 1078 ,πῆς
601 991 700 1077 ἄλλης
721 990 854 1065 udicare
873 1001 944 1054 κατ’
967 989 1116 1077 or‘rrr'yspv
1136 991 1173 1066 ἐς
1193 990 1331 1073 ὀλίγον
1351 997 1569 1076 κατεχομένης
1590 1003 1621 1060 et
1643 996 1729 1081 VIII,
1752 1002 1810 1067 53:
1842 1025 1903 1079 „aa

78 1092 123 1180 μὴ
144 1093 180 1169 ἐς
201 1091 362 1174 ὀλίγους
382 1095 509 1176 μᾶλλον
527 1093 587 1171 τοῖς
608 1090 714 1176 α’ρχάς
735 1091 956 1178 ποιήσαιμιν“
977 1094 999 1159 i.
1021 1115 1049 1160 e.
1071 1096 1133 1159 nisi
1154 1096 1359 1179 magistratus
1381 1096 1427 1158 its
1447 1096 1678 1181 constituimus,
1704 1109 1741 1166 ut
1762 1104 1795 1168 iu
1816 1126 1894 1190 pau-

79 1216 185 1261 corum
212 1196 358 1263 menibus
384 1199 458 1262 siut.
506 1197 586 1262 Eam
615 1203 815 1274 structuram,
844 1214 924 1280 quae
952 1216 1107 1280 nusquam
1135 1195 1211 1261 alibi
1239 1201 1358 1276 exstat,
1388 1193 1562 1274 Thucydidi
1593 1197 1698 1264 deberi
1724 1206 1897 1272 uerisimile

78 1296 214 1363 ridetur.
261 1297 381 1363 Eodem
413 1318 452 1362 ex
482 1297 647 1364 brevitatis
675 1297 781 1361 studio
808 1303 885 1361 nata
910 1296 1067 1379 videntur,
1096 1317 1176 1382 quae
1203 1295 1337 1382 legimus
1369 1295 1452 1381 apud
1474 1295 1660 1364 Sallustium
1688 1300 1754 1368 Cat.
1780 1306 1832 1386 50,
1861 1308 1895 1373 2:
1973 1330 1985 1377 ·.

81 1399 289 1480 „exercitatos
312 1400 345 1463 in
366 1398 552 1464 audaciam“
575 1407 607 1463 et
627 1398 699 1482 Jug.
722 1397 774 1476 92,
796 1398 833 1462 2:
865 1399 993 1480 „omnia
1019 1400 1052 1462 iu
1078 1400 1228 1463 virtutem
1258 1397 1486 1463 trahebantur‘
1514 1420 1595 1482 quae
1624 1401 1769 1467 simfliter
1804 1413 1897 1491 atque
2016 1470 2019 1475 .

81 1497 159 1565 haec
181 1498 375 1583 Thucydidis
396 1500 494 1565 verba
513 1507 692 1566 constructa
710 1498 874 1564 videmus:
903 1497 1001 1564 Thuc.
1023 1498 1058 1579 V,
1082 1500 1136 1565 72:
1170 1500 1339 1582 ‚,irpeprav
1360 1495 1436 1563 οὐδὲ
1457 1499 1490 1573 ἐς
1510 1513 1620 1584 χεῖρας
1638 1499 1898 1584 perpetramus

83 1609 116 1667 et
139 1600 190 1681 VI,
212 1602 269 1668 34:
292 1597 533 1683 ‚,o'yyator'prda
550 1599 607 1664 dut
625 1597 664 1664 τὸ
685 1600 823 1665 ndatov‘·
844 1601 865 1664 i.
888 1620 916 1664 e.
939 1601 984 1665 ita
1006 1598 1102 1663 velim
1125 1600 1163 1664 de
1178 1598 1270 1664 uobis
1293 1601 1427 1680 nunties,
1451 1610 1488 1664 ut
1503 1604 1637 1668 melotes
1652 1626 1746 1689 quam
1768 1627 1801 1672 re
1822 1628 1900 1676 vera

83 1711 159 1769 suut
180 1704 290 1790 copiae
311 1710 439 1768 nostras
460 1701 688 1788 praedicentur.
739 1704 883 1785 apertius
912 1702 1007 1766 etiam
1034 1701 1112 1767 haec
1133 1703 1323 1766 constructio
1347 1701 1541 1770 Sallustiana
1563 1706 1750 1771 imitationis
1771 1709 1899 1793 siguum
2004 1710 2007 1715 ’

82 1804 317 1890 praesefert:
344 1805 417 1889 Jug.
439 1804 490 1884 34,
514 1804 549 1868 1:
571 1822 683 1889 :‚,quae
704 1805 752 1868 ira
765 1803 834 1869 fieri
856 1805 973 1869 amat“.
1008 1803 1120 1886 (Quem
1142 1800 1245 1867 locum
1267 1802 1411 1869 nonnulli
1427 1805 1612 1889 iuterpretes
1631 1806 1712 1873 falso
1733 1810 1778 1874 sic
1799 1810 1899 1876 exuli·

84 1914 167 1989 caut
189 1914 225 1972 ut
246 1907 334 1987 ,‚ira“
355 1926 411 1991 pro
433 1903 585 1986 ablativo,
607 1908 729 1989 ‚,quae“
752 1926 807 1990 pre
831 1905 1027 1970 nominativo
1049 1904 1164 1990 plurali
1186 1904 1348 1989 habeant.)
1391 1905 1490 1970 Nemo
1519 1907 1603 1970 euim
1625 1910 1757 1992 scriptor
1777 1919 1900 1994 praeter

84 2007 269 2074 Sallustium
291 2005 387 2071 verbo
408 2009 558 2086 „amare“
579 2005 723 2072 absolute
745 2008 853 2071 utitur·
895 2004 971 2071 Iure
992 2007 1089 2090 igitur
1110 2005 1322 2072 Mollmauuus
1344 2005 1440 2071 talem
1468 2006 1626 2073 licentiam
1655 2028 1694 2073 ex
1720 2011 1899 2077 imitatione

84 2109 238 2194 prodiisse
260 2107 431 2191 contendit,
452 2108 542 2173 cuius
563 2109 608 2172 rei
623 2106 706 2173 hunc
728 2107 829 2173 locum
846 2105 1084 2189 Thucydideum
1107 2107 1230 2173 attulit:
1257 2108 1314 2190 III,
1336 2109 1387 2188 81,
1408 2109 1448 2174 4:
1482 2101 1572 2184 „aior
1594 2109 1899 2193 ‹pristyiyvsudor‘t

85 2209 175 2290 Quod
204 2217 240 2275 ut
265 2208 430 2275 credamus
458 2229 496 2274 eo
524 2210 626 2294 magis
657 2207 854 2290 adducimur,
882 2230 979 2293 quum
1009 2207 1203 2288 Thucydidis
1230 2208 1470 2294 descriptionem
1501 2209 1728 2276 discordiarum
1759 2211 1901 2279 ciritium

85 2309 271 2378 Sallustium
294 2311 469 2395 respexisse
490 2317 522 2374 et
543 2311 577 2374 iu
598 2330 689 2374 usum
712 2330 805 2374 sunm
826 2308 998 2375 coutuhsse
1020 2311 1083 2376 iam
1105 2331 1200 2395 supra
1220 2309 1551 2377 demonstraverimus.
1574 2347 1616 2358 —

185 2411 322 2498 Reliqua
351 2432 433 2497 quae
464 2411 526 2477 viri
554 2410 638 2476 docti
659 2409 698 2474 de
720 2409 863 2476 Sallustii
885 2413 1061 2477 imitatione
1082 2410 1287 2496 protulerunt,
1310 2419 1376 2476 tam
1397 2412 1486 2494 parvi
1508 2419 1583 2476 sunt
1610 2413 1770 2494 momenti,
1799 2418 1836 2477 ut
1862 2412 1901 2477 de
2000 2468 2003 2473 .

86 2516 284 2581 mutuatione
299 2513 430 2598 cogitari
443 2514 571 2579 omniuo
582 2533 646 2577 non
662 2513 775 2599 possit.
803 2512 922 2578 Utinm
937 2533 1071 2597 eaquae
1087 2512 1307 2578 dissertatione
1321 2513 1480 2578 invenisse
1494 2511 1588 2576 nobis
1601 2510 1746 2577 ridemur
1761 2511 1899 2579 breviter

87 2613 396 2702 comprehendamus,
418 2613 622 2680 statuendum
644 2611 703 2678 hoe
725 2615 800 2678 erit:
822 2612 916 2679 Haud
938 2635 1009 2680 raro
1030 2620 1121 2679 tauta
1141 2616 1225 2680 iuter
1245 2621 1412 2695 utrumque
1437 2617 1620 2697 scriptorem
1648 2612 1822 2679 similitudo
1852 2616 1901 2679 in·

87 2716 227 2799 tercedit,
247 2723 284 2781 ut
305 2735 376 2781 eam
396 2716 459 2781 nisi
480 2736 518 2781 ex
539 2715 724 2782 imitauioue
745 2713 899 2798 explicare
921 2735 983 2781 uon
1005 2718 1174 2801 possimus.
1209 2713 1317 2780 Multis
1345 2722 1449 2780 autem
1472 2717 1504 2779 iu
1526 2713 1621 2781 rebus
1641 2712 1817 2779 similitudo
1837 2721 1904 2780 tam

86 2816 169 2884 levis
194 2824 317 2898 exstat,
343 2823 381 2882 ut
403 2824 513 2882 nostra
537 2817 662 2903 quidem
691 2818 849 2882 sententia
870 2815 1000 2882 fortuito
1020 2819 1126 2902 potius
1152 2837 1246 2902 quam
1275 2815 1407 2882 consilio
1427 2815 1599 2883 Sallustius
1627 2836 1698 2881 cum
1721 2813 1904 2896 Thucydide

88 2920 274 2986 consentiat.
307 2917 413 3004 Neque
435 2917 508 3003 quia
529 2915 671 2981 nonnihil
695 2917 865 2984 Sallustius
887 2917 1082 2996 Thucydidis
1097 2920 1235 3002 vestigia
1256 2918 1425 2984 manifesto
1445 2926 1626 3004 persecutns
1647 2925 1706 2997 est,
1728 2915 1905 3001 ubicunque

88 3018 207 3086 slmilia
221 3019 313 3085 nobis
327 3024 503 3101 occurrunt,
523 3016 699 3083 imitatione
714 3038 753 3083 ea
774 3026 852 3084 nata
869 3039 939 3084 esse
958 3019 1146 3086 contendere
1160 3018 1243 3085 hcet.
1275 3019 1461 3104 Saepissime
1482 3021 1566 3085 euim
1586 3018 1655 3083 fieri
1676 3015 1766 3097 solet,
1790 3024 1824 3081 ut
1846 3037 1906 3082 nos

89 3140 221 3207 quoqne,
250 3121 279 3186 si
305 3120 489 3204 scriptorem
520 3117 676 3204 quendam
705 3119 818 3184 iterum
846 3126 940 3204 atque
972 3122 1087 3185 iterum
1119 3119 1265 3205 legimus,
1292 3122 1361 3184 eius
1382 3122 1587 3204 proprietates
1608 3117 1706 3181 nescii
1726 3115 1811 3181 uude
1832 3137 1904 3201 pro·

92 3225 190 3290 lectae
212 3223 278 3287 sint
300 3219 515 3287 adhibeamus.
556 3217 645 3285 Adde
667 3217 751 3304 quod
773 3218 935 3302 permultis
957 3222 1052 3284 etiam
1075 3219 1153 3285 locis
1174 3241 1237 3286 uon
1260 3221 1339 3285 satis
1361 3227 1445 3284 certo
1474 3217 1638 3302 dijudicari
1658 3222 1773 3301 potest,
1801 3223 1931 3283 utrum·

90 3321 259 3392 Sallustius
280 3321 473 3404 Thucydidis
493 3318 671 3406 exemplum
692 3320 864 3404 respexerit
884 3340 925 3384 au
947 3320 1096 3404 antiquos
1123 3329 1199 3385 ante
1220 3317 1329 3385 oculos
1350 3315 1504 3400 habuerit,
1531 3319 1680 3401 quoniam
1703 3321 1773 3382 tota
1793 3317 1903 3403 liugua

91 3422 158 3489 illis
175 3422 368 3508 temporibus
388 3429 456 3488 tam
481 3422 584 3489 multa
616 3442 655 3488 ex
676 3419 804 3488 Graecin
824 3418 996 3504 transtulit,
1029 3427 1065 3486 ut
1095 3419 1173 3506 quid
1205 3440 1245 3485 ex
1275 3417 1327 3486 his
1348 3418 1581 3506 deprompserit,
1603 3417 1680 3504 quid
1701 3419 1731 3485 ei
1752 3417 1793 3484 ab
1815 3418 1907 3482 initis

92 3543 257 3592 mmmuas
278 3525 435 3594 exstiterit
454 3543 549 3610 saepe
569 3522 742 3590 dlacernere
764 3542 827 3588 non
848 3523 912 3588 iam
933 3520 1038 3588 liceat.
