4328 5580
1061 244 1087 314 ss

164 459 198 522 in
219 457 279 524 hoo
300 451 374 519 belli
396 449 578 537 Jugurthini
600 454 759 536 prooemio
781 453 858 521 loeis
881 458 1097 524 communibus
1119 461 1232 527 referto
1252 461 1291 528 de
1313 469 1452 552 eorporis
1473 470 1654 557 fragilitate,
1677 480 1775 546 animi
1798 489 1982 556 aeternitate

164 563 300 630 disserit.
341 559 459 623 Idcirco
482 557 558 638 quia
579 576 691 640 corpus
712 558 856 639 intereat,
878 581 970 643 quam
1003 563 1138 627 maxime
1159 564 1234 629 dicit
1262 565 1373 633 decere
1401 572 1539 636 animum
1563 574 1673 642 colere.
1716 580 1852 651 Pericles
1875 599 1982 657 autem

163 668 196 732 in
218 687 256 731 eo
276 665 367 750 pouit
387 659 537 737 studium,
561 665 597 722 ut
619 659 741 722 animos
764 661 878 724 civium
901 669 989 745 peste
1010 664 1129 729 fructos
1152 668 1262 749 erigat.
1303 670 1406 749 Quare
1428 675 1511 738 sicut
1532 680 1669 742 omnium
1692 702 1794 749 rerum
1816 689 1863 753 ita
1883 693 1981 758 etiam

163 768 259 855 hujus
280 765 354 831 mali
375 763 517 829 intestini
539 760 635 825 finem
656 759 751 824 affore
773 762 960 844 sperandum
984 785 1055 829 esse
1077 765 1212 832 exhibet.
1247 770 1384 837 Alterius
1406 774 1503 858 igitur
1524 783 1713 847 sententiam
1737 805 1776 850 ex
1798 791 1895 856 animi
1917 813 1978 858 na·

164 878 235 937 tura
261 866 474 945 describenda,
503 862 632 927 alterius
660 882 699 926 ex
728 861 845 927 solacio
874 865 1045 948 profectam
1075 867 1229 934 videmus.
1283 871 1446 958 Utcunque
1476 887 1580 942 autem
1610 902 1659 945 res
1687 906 1721 948 se
1750 885 1860 971 habet,
1886 894 1982 960 nullis

165 973 289 1059 quidem
313 971 405 1036 certis
427 967 621 1050 argumentis
643 964 881 1029 translationem
904 968 1104 1032 manifestam
1129 990 1199 1035 esse
1221 975 1360 1057 pervinei
1382 984 1495 1059 potest.
1529 979 1668 1047 Facilius
1689 985 1727 1051 de
1749 987 1798 1054 his
1821 995 1984 1079 utriusque

163 1074 252 1155 locis,
275 1092 354 1157 quos
376 1069 497 1153 Dolega
519 1067 686 1151 congessit,
718 1065 889 1150 dijudicare
922 1068 1008 1133 licet:
1038 1070 1109 1154 Jug.
1133 1071 1161 1136 l.
1193 1073 1214 1138 5
1242 1085 1296 1155 „et
1321 1075 1437 1160 proelio
1471 1088 1619 1147 strenuus
1648 1094 1681 1150 et
1708 1088 1809 1156 bonus
1839 1095 1980 1177 consilio,

164 1198 297 1265 quorum
319 1175 452 1239 alterum
476 1192 514 1235 ex
536 1168 735 1254 providentia
756 1169 911 1249 timorem,
933 1169 1066 1235 alterum
1089 1193 1127 1237 ex
1149 1174 1283 1240 audacia
1304 1180 1513 1245 temeritatem
1543 1182 1652 1249 afferre
1674 1187 1857 1276 plerumque
1879 1195 1980 1262 solet“

165 1289 197 1346 et
218 1274 492 1358 Thuc.11,40‚3:
522 1268 768 1353 ,διαφερόντως
788 1307 830 1319 -
857 1272 876 1335 d
897 1284 964 1345 τοῖς
985 1271 1095 1348 ἄλλοις
1110 1271 1245 1356 ἀμαθία
1267 1281 1329 1358 μὲν
1351 1278 1488 1362 θράσος,
1511 1283 1662 1365 λογισμός
1677 1288 1714 1353 δὲ
1736 1289 1836 1357 ὄκνον
1857 1300 1981 1382 φέρω,

164 1382 243 1448 Vide
264 1401 357 1464 quam
379 1385 521 1442 accurate
543 1373 641 1437 verba
661 1373 767 1436 verbis
790 1372 1008 1458 respondeant.
1058 1374 1240 1442 Consonant
1262 1381 1345 1443 enim
1368 1403 1430 1447 vox
1452 1388 1656 1463 „temeritas“
1680 1411 1750 1455 cum
1772 1415 1851 1459 voce
1872 1396 1981 1481 ”³0⁰²

164 1486 239 1558 σοςῑ6
261 1481 450 1548 vocabulum
473 1478 607 1558 „limor“
630 1496 699 1540 eum
721 1474 875 1539 vocabulo
898 1472 1045 1552 ,,ὄκνος“,
1065 1478 1196 1543 verbum
1219 1481 1369 1562 „afferre“
1392 1503 1461 1548 cum
1484 1486 1580 1552 verbo
1603 1494 1767 1574 „prema
1804 1494 1891 1561 Haec
1913 1519 1982 1562 mu,

164 1587 317 1652 tnationis
340 1584 477 1667 suspicio
499 1580 601 1663 magis
620 1577 777 1659 firmatur,
799 1575 879 1660 quod
898 1574 1084 1642 Sallustium
1106 1578 1147 1644 ab
1171 1585 1314 1648 oratione
1335 1584 1457 1650 funebri
1481 1587 1582 1654 multa
1603 1594 1786 1675 repetivisse
1809 1596 1880 1661 aliis
1903 1620 1981 1683 quo·

164 1709 225 1773 que
247 1686 324 1752 loeis
346 1687 425 1750 satis
447 1683 557 1749 elucet.
601 1681 796 1764 Quapropter
817 1681 963 1762 quoniam
987 1699 1026 1742 ex
1051 1683 1097 1744 eis
1120 1703 1200 1765 quae
1229 1704 1325 1767 supra
1352 1692 1667 1757 commemoravimus
1695 1696 1846 1781 exemplis
1874 1700 1982 1765 imita-

164 1793 283 1857 tionem
305 1790 458 1853 siminus
480 1791 605 1860 certam,
636 1792 740 1846 tamen
765 1783 891 1845 omuino
913 1781 1100 1844 reiciendum
1122 1804 1185 1848 non
1214 1806 1284 1850 esse
1306 1792 1506 1871 concesseris,
1528 1812 1754 1874 saepenumero
1781 1807 1885 1863 autem
1909 1802 1980 1864 imi.

164 1895 244 1960 tatio
272 1898 378 1956 exstat
406 1897 529 1973 aperta,
561 1885 744 1952 Sallustium
776 1904 899 1947 omnem
923 1882 987 1946 fere
1016 1883 1256 1967 descriptionem
1293 1887 1519 1956 discordiarum
1547 1892 1687 1959 civilium
1718 1897 1759 1962 ad
1788 1899 1985 1982 Thucydidis

166 1992 343 2079 exemplum
366 1991 578 2058 conformasse
599 2007 795 2072 nequaquam
817 1983 965 2048 abhorret
986 2005 1006 2048 a
1026 1984 1258 2068 probabilitate.
1279 2025 1321 2036 —
1342 2025 1384 2038 -

266 2400 328 2468 Sed
349 2407 548 2464 transeamus
569 2395 610 2461 ad
633 2396 791 2460 orationes
813 2395 1047 2478 perquirendas,
1070 2397 1101 2459 in
1125 2393 1240 2476 quibus
1254 2389 1396 2462 Sallustii
1418 2398 1553 2463 imitatio
1575 2401 1710 2465 maxime
1722 2404 1888 2486 perspicua
1909 2424 1981 2470 ως.

165 2505 308 2571 ereditur.

266 2604 412 2690 Inprimis
442 2603 617 2665 memorata
646 2596 775 2682 dignum
805 2598 956 2662 orationis
978 2595 1180 2664 Catilinarise
1208 2599 1393 2684 principium
1423 2607 1481 2664 est.
1524 2599 1825 2687 videbator:
1854 2605 1982 2690 „Neque

166 2730 224 2796 ego
246 2728 302 2794 per
324 2704 484 2789 ignaviam
507 2709 562 2766 aut
582 2720 668 2764 vana
688 2700 817 2783 ingenia
838 2700 957 2762 ineerta
984 2719 1039 2783 pro
1062 2704 1157 2766 certis
1179 2701 1370 2785 captarem“.
1424 2701 1616 2778 Quibuscum
1639 2704 1744 2769 verbis
1766 2707 1886 2792 Dolega
1907 2728 1980 2772 con-

166 2814 227 2880 fert
248 2805 493 2892 responsionem.
536 2799 639 2866 Meliis
661 2799 781 2864 datam:
812 2797 909 2864 Thuc.
931 2798 967 2880 ll,
991 2801 1061 2882 113,
1085 2805 1120 2867 1:
1149 2802 1212 2877 „aui
1234 2805 1296 2883 μὲν
1316 2801 1477 2881 μέλλοντα
1499 2805 1564 2866 τῶν
1586 2800 1762 2889 ὁρωμένων
1784 2814 1981 2894 σαφέστατα

166 2916 303 2997 κρίνετε,
322 2904 365 2970 col
389 2905 418 2969 δ’
440 2900 560 2986 α’φανῆ
582 2939 624 2948 -
646 2904 807 2976 {tedebat
829 2901 884 2964 ubi
906 2903 1065 2984 miramur,
1087 2904 1243 2987 quomodo
1267 2911 1331 2967 tam
1354 2901 1427 2982 levi,
1456 2925 1548 2987 quam
1572 2904 1623 2970 hic
1645 2908 1814 2990 iuvenitur,
1835 2909 1982 2974 similitu.

167 3014 233 3080 dini
255 3006 372 3094 aliquid
393 3006 540 3090 ponderis
562 3003 656 3068 tribui
679 3004 779 3086 possit
800 3001 894 3085 idque
915 3022 952 3066 eo
971 3005 1073 3087 magis
1095 3005 1177 3086 quod
1199 3014 1331 3089 uterque
1353 3013 1462 3069 auctor
1483 3016 1702 3089 argumentum
1724 3011 1835 3092 premit
1858 3018 1981 3074 contra·

167 3119 258 3182 riom.
300 3110 379 3176 Nam
402 3107 538 3174 Catilina
560 3107 633 3189 quia
658 3105 760 3168 socios
783 3101 900 3167 laboris
929 3102 1061 3168 militiae
1089 3125 1152 3169 non
1178 3108 1321 3170 insuetos
1350 3114 1555 3188 cognoverat,
1584 3106 1666 3170 bono
1689 3111 1793 3173 auimo
1816 3109 1982 3173 seditionis

167 3213 334 3284 eonsilium
356 3231 391 3274 se
413 3211 532 3294 cepisse
548 3207 703 3290 exposuit,
725 3201 935 3268 Athenienses
956 3226 1030 3269 vero
1052 3204 1166 3288 Meliis,
1188 3209 1261 3290 quia
1276 3205 1413 3270 nondum
1431 3206 1462 3267 in
1479 3203 1553 3269 belli
1566 3208 1711 3290 periculis
1726 3211 1844 3275 versati
1866 3219 1983 3292 essent,

167 3341 209 3386 ne
229 3316 321 3382 certis
346 3314 468 3377 incerta
494 3309 703 3395 praeferrent,
731 3304 919 3390 persuadere
941 3306 1119 3371 studebant.
1162 3307 1306 3372 Ceterum
1329 3304 1483 3389 ejusmodi
1507 3310 1662 3372 contraria
1683 3309 1773 3375 velut
1803 3315 1929 3393 „eerta‘·'
1951 3318 1982 3375 et

169 3419 328 3504 „incerta“
357 3416 474 3499 passim
506 3412 632 3495 reperiri
659 3410 713 3472 vix
743 3415 792 3471 est
821 3406 904 3489 quod
927 3428 1121 3473 moneamus.
1142 3444 1184 3456 -
1214 3406 1312 3472 Porro
1338 3407 1416 3471 haec
1445 3406 1586 3473 Sallustii
1612 3410 1709 3474 verba
1730 3414 1906 3476 imitatione
1929 3432 1982 3474 ex·

167 3538 276 3608 pressa
296 3523 459 3601 putantur:
490 3512 558 3576 Cat.
580 3511 631 3590 20,
656 3512 695 3576 16
717 3508 788 3589 „vel
810 3510 996 3593 imperatore
1016 3509 1069 3574 vel
1091 3509 1191 3575 milite
1213 3531 1263 3574 me
1284 3508 1425 3587 utemini,
1447 3530 1547 3592 neque
1568 3508 1683 3584 anian
1705 3534 1807 3595 neque
1829 3532 1940 3595 corpus
1963 3533 1984 3575 a

169 3622 260 3688 7⁰bl⁸
283 3617 415 3682 ³b⁰¹ll“·
458 3613 547 3679 0⁰¹¹f·
570 3610 668 3676 Thuc·
691 3611 726 3690 V,
749 3612 779 3689 9,
802 3610 839 3674 7²
870 3608 949 3690 ”37⁰5
970 3634 1006 3673 ‘⁶
1028 3609 1123 3689 δείξω
1146 3607 1188 3675 ⁰¹3
1208 3615 1412 3694 ssssQafffffa'
1434 3605 1500 3684 οἷός
1520 3635 1555 3674 τε
1578 3611 1623 3676 air
1644 3613 1771 3690 μᾶλλον
1792 3625 1859 3686 τοῖς
1881 3614 1984 3686 πέλας

171 3724 189 3810 ἢ
202 3730 258 3785 καὶ
273 3715 371 3790 αὐτὸς
386 3717 468 3800 ἔργῳ
483 3713 703 3791 ἐπεξελθεῑν“.
741 3710 891 3775 Similiter
906 3711 1031 3795 quidem
1047 3723 1142 3797 atque
1157 3711 1293 3777 Catilina
1305 3710 1422 3775 milites
1437 3711 1585 3776 Brasidas
1601 3712 1640 3774 de
1654 3714 1787 3795 pristina
1801 3712 1986 3779 fortitudine

169 3825 315 3892 admouet
337 3827 368 3882 et
382 3815 553 3881 victoribus
568 3813 707 3899 praemia
721 3813 881 3893 victoriae,
903 3815 996 3878 vietis
1019 3834 1099 3898 quae
1121 3811 1240 3878 cladem
1256 3814 1345 3895 sequi
1361 3812 1493 3892 soleant,
1516 3814 1663 3878 ostendit.
1695 3814 1796 3880 Ambo
1812 3817 1985 3899 etiamque

168 3925 271 4009 magis
291 3922 414 3986 animos
436 3917 570 3982 militum
593 3913 803 3990 inflamment,
831 3915 917 3999 ipsos
941 3923 972 3978 et
994 3913 1082 3977 ducis
1104 3922 1135 3977 et
1157 3913 1267 3978 militis
1289 3913 1391 3978 officia
1413 3933 1448 3977 se
1469 3914 1675 3996 praestituros
1697 3936 1767 3980 esse
1787 3917 1983 4001 promittunt.

168 4024 378 4093 llihllOOElssuS
393 4018 474 4084 iales
487 4016 729 4096 00h0rlationes‚
745 4015 859 4099 quippe
873 4036 953 4098 quae
969 4016 1153 4099 saepissime
1168 4015 1251 4099 apud
1263 4013 1430 4079 historicos
1445 4022 1578 4095 exstent,
1593 4015 1632 4080 ad
1649 4018 1856 4081 imitationem
1872 4020 1983 4080 referre

171 4128 361 4192 dubitamus.
393 4119 494 4184 Multo
518 4120 632 4184 certius
654 4138 693 4180 ex
715 4116 910 4181 orationibus
933 4137 953 4180 a
968 4116 1102 4180 Diodoto
1118 4114 1231 4198 (Thoe.
1242 4115 1299 4197 Ill,
1309 4115 1352 4180 42
1360 4113 1450 4198 -48)
1470 4121 1502 4177 et
1518 4135 1538 4178 a
1553 4115 1686 4182 Caesare
1702 4116 1782 4200 (Cat.
1794 4116 1850 4202 51)
1865 4115 1984 4181 habitis

171 4223 351 4294 aemulandi
363 4224 442 4287 ratio
456 4220 599 4286 Sallustii
612 4218 807 4303 perspicitur.
829 4216 966 4295 Quarum
978 4217 1217 4283 similitudinem
1230 4219 1262 4282 in
1274 4216 1334 4280 hoc
1349 4223 1494 4280 constare
1519 4214 1630 4301 Poppe
1648 4215 1765 4301 Prolog
1785 4218 1800 4282 1
1826 4238 1898 4302 pag.
1923 4215 1987 4283 380

171 4332 259 4396 dicit:
289 4334 440 4407 „uterque
462 4341 595 4406 poenam
621 4317 786 4404 capitalem
809 4338 932 4382 reorum
955 4339 1018 4384 non
1047 4321 1094 4385 ita
1118 4320 1310 4403 depreeatur,
1327 4324 1393 4381 uta
1414 4316 1506 4401 culpa
1527 4337 1582 4381 eos
1603 4316 1736 4383 liberare
1758 4327 1896 4400 conetur,
1919 4317 1985 4394 sed,

171 4435 199 4498 si
221 4426 406 4513 supplicium
429 4434 580 4502 sumatur,
602 4423 680 4505 ipsis
697 4417 857 4503 judicibus
878 4418 1047 4503 aliquando
1069 4423 1198 4484 noxium
1220 4428 1251 4483 et
1278 4438 1411 4502 poenam
1434 4417 1681 4502 qualemcunque
1702 4420 1833 4500 crimini,
1863 4419 1984 4503 dequo

172 4532 340 4618 agebatur,
367 4547 430 4590 non
456 4522 620 4608 aequalem
650 4541 749 4605 neque
777 4519 817 4583 ad
846 4519 878 4582 id
907 4521 939 4583 in
969 4531 1129 4604 posterum
1152 4518 1379 4603 prohibendum
1401 4521 1482 4583 satis
1503 4518 1641 4583 validam
1670 4521 1737 4585 fore
1759 4530 1910 4586 conantur
1931 4518 1987 4582 de-

173 4633 393 4697 monstraret‘.
436 4627 633 4708 Quamquam
661 4621 748 4686 illam
771 4620 1022 4701 similitudinem,
1052 4642 1145 4705 quam
1169 4619 1275 4705 Poppo
1305 4620 1419 4702 credit,
1446 4640 1480 4684 re
1501 4641 1577 4684 vera
1597 4640 1660 4684 nou
1682 4620 1873 4684 intercedere
1893 4618 1986 4684 Moll-

172 4753 306 4799 mannus
336 4736 419 4794 recte
445 4727 638 4792 observavit.
679 4723 712 4786 ls
740 4724 824 4787 enim
850 4725 899 4786 vir
928 4720 1039 4786 doetus
1066 4722 1110 4807 (p.
1133 4721 1167 4805 9)
1195 4719 1365 4785 Diodotum
1394 4724 1425 4785 iu
1454 4722 1620 4785 sententiis
1641 4741 1718 4805 quas
1740 4718 1871 4807 protulit
1892 4741 1987 4805 argu.

173 4831 351 4902 mentandis
379 4851 400 4894 a
426 4828 558 4894 Caesare
580 4826 703 4890 differre
725 4823 860 4889 dilucide
881 4821 1072 4907 explanarit
1115 4819 1239 4886 Etenim
1262 4821 1417 4888 Diodotus
1443 4822 1626 4907 supplicium
1655 4831 1691 4887 ut
1716 4824 1812 4887 nimis
1833 4823 1987 4888 usitatum
