4328 5580
1062 251 1088 322 0

162 464 355 532 consuetudo
384 465 533 549 loquendi
560 487 623 531 non
655 473 778 534 tantum
802 465 921 531 redolet
943 468 1181 549 antiquitatem,
1211 474 1364 552 quantum
1386 467 1482 550 vulgo
1505 469 1650 550 creditur,
1679 476 1785 536 tamen
1808 475 1908 540 verba
1929 475 1984 541 rlla

163 568 306 634 obsoleta
327 574 361 632 et
382 570 529 653 antiquae
551 567 776 632 vocabulorum
800 567 919 632 formae
941 577 974 632 et
996 571 1076 633 ratio
1099 591 1138 634 ea
1159 569 1314 634 scribendi
1337 590 1412 653 prae
1434 591 1469 634 se
1497 570 1601 635 lerunt
1623 574 1748 656 signum
1772 576 1983 660 antiquitatis.

162 671 263 755 Atque
285 668 363 734 talia
389 669 429 733 de
451 669 607 734 industria
635 668 821 734 Sallustium
850 668 1034 734 adhibuisse
1059 671 1322 735 verisimillimum
1351 671 1486 737 videtur.
1530 673 1631 751 Quum
1661 675 1745 739 enim
1774 696 1876 740 mores
1906 698 1983 741 suae

163 773 279 837 aetatis
302 772 405 855 magis
427 773 589 855 magisque
614 776 776 853 corruptos
798 773 864 854 jam
888 771 1030 836 effecisse
1051 772 1187 854 videret,
1216 782 1251 837 ut
1278 775 1390 837 civitas
1418 772 1670 855 labefactaretur,
1700 776 1767 840 fieri
1797 797 1857 839 non
1881 779 1983 861 potuit

163 875 239 958 quin
261 878 428 957 respiceret
450 872 490 936 ad
510 873 677 955 pristinum
700 871 777 935 illud
799 881 930 956 tempus,
954 876 1004 937 cui
1019 875 1079 938 viri
1100 877 1216 939 virtute
1233 877 1348 960 insigni
1365 884 1561 960 praestantes
1584 896 1646 939 non
1662 875 1800 942 deerant.
1834 877 1980 942 Omnium

163 983 269 1040 autem
291 995 383 1038 nemo
405 975 473 1037 vita
495 975 682 1058 scriptisque
704 974 873 1057 imaginem
896 977 1046 1058 antiquae
1068 976 1234 1060 probitatis
1257 987 1321 1041 tarn
1351 998 1460 1040 veram
1489 985 1615 1061 tamque
1639 998 1818 1062 expressam
1841 980 1984 1063 praebuit

164 1096 258 1159 quam
276 1075 364 1140 Cato.
398 1074 497 1154 Quem
514 1077 661 1160 quoniam
683 1075 857 1139 admiratus
874 1083 932 1156 est,
954 1072 1044 1160 quasi
1062 1070 1138 1141 sua'e
1164 1080 1278 1142 aetatis
1297 1100 1367 1142 eum
1384 1078 1523 1161 puderet,
1542 1081 1714 1143 orationem
1731 1079 1858 1145 Catonis
1876 1087 1981 1145 auste-

162 1198 231 1242 ram
253 1184 348 1260 at-que
370 1175 505 1239 solidam
528 1197 622 1260 quarn
644 1175 772 1240 mollem
795 1193 1000 1259 ornatamque
1023 1177 1116 1262 sequi
1127 1179 1246 1243 maluit
1267 1179 1456 1263 aequalium.

265 1275 477 1344 Nihilominus
498 1284 626 1343 exstant
646 1278 756 1357 multa,
780 1299 870 1362 quae,
895 1281 1022 1343 tametsi
1043 1278 1239 1345 Sallustiana
1260 1280 1417 1366 quaedam
1441 1280 1584 1345 vindicas
1608 1280 1730 1359 Catoni,
1754 1301 1792 1345 ex
1816 1281 1884 1346 sola
1904 1284 1986 1365 pris-

164 1400 270 1445 corum
292 1378 470 1442 imitatione
492 1378 639 1463 explicari
662 1401 724 1444 non
748 1382 880 1464 possint.
930 1379 1077 1445 Nonnihil
1101 1384 1184 1446 enim
1208 1383 1379 1448 Sallustius
1402 1385 1434 1446 in
1458 1384 1625 1447 structuris
1649 1383 1823 1446 formandis
1845 1381 1924 1446 adeo
1946 1383 1986 1446 ab

163 1485 284 1546 usitato
308 1499 423 1564 genere
444 1479 568 1544 dicendi
583 1479 710 1559 recedit,
733 1489 777 1562 ut,
800 1483 862 1545 nisi
879 1483 995 1566 repetis
1011 1483 1163 1547 auxilium
1187 1485 1360 1566 aGraecis,
1386 1506 1449 1549 non
1472 1483 1591 1548 habeas
1608 1505 1670 1567 qna
1688 1485 1811 1546 ratione
1827 1482 1988 1567 explanes.

163 1582 333 1648 Praeterea
354 1588 460 1646 autem
485 1583 559 1665 quia
574 1580 759 1647 Sallustium
782 1584 884 1668 operis
900 1584 997 1647 totius
1013 1583 1178 1648 consilinm
1201 1593 1233 1649 et
1248 1596 1348 1650 artem
1365 1585 1515 1650 historiae
1530 1583 1762 1668 componendae
1777 1583 1864 1647 illam
1880 1585 1989 1665 singu·

163 1683 263 1749 larem
286 1704 325 1747 ex
347 1702 404 1747 suo
426 1684 600 1767 sumpsisse
622 1685 677 1747 vix
699 1684 845 1749 credibile
867 1694 917 1750 est
939 1694 1034 1770 atque
1063 1707 1159 1768 quum
1183 1686 1333 1752 Catonem
1364 1687 1479 1771 hujus
1506 1686 1633 1770 quidem
1663 1688 1707 1750 rei
1737 1701 1894 1749 auctorem
1926 1704 1989 1747 non

164 1785 263 1852 fuisse
286 1785 365 1849 satis
387 1790 504 1867 pateat,
527 1806 716 1868 quaeramus
738 1806 865 1851 necesse
888 1796 946 1869 est,
968 1808 1043 1851 num
1067 1795 1152 1851 certa
1172 1791 1310 1874 vestigia
1331 1789 1531 1869 Graecorum,
1562 1808 1640 1871 quos
1670 1789 1702 1850 in
1730 1787 1852 1850 litteras
1874 1784 1989 1849 Roma-

165 1908 277 1953 norum
299 1885 352 1951 vel
374 1887 511 1951 maxime
533 1908 591 1952 sua
614 1886 786 1952 contulisse
807 1890 935 1970 scimus,
957 1891 989 1953 in
1012 1887 1154 1953 Sallustii
1177 1912 1301 1976 quoqne
1324 1893 1450 1976 scriptis
1474 1891 1716 1973 conspiciantur.
1762 1887 1872 1951 Liceat
1894 1887 1991 1970 igitur

165 1988 257 2055 nobis
288 2008 471 2053 enumerare
495 1988 616 2074 judicia
644 1996 798 2064 veterum,
826 1992 879 2071 qni
910 1990 948 2055 de
971 1989 1123 2055 Sallustio
1152 1989 1341 2058 Graecorum
1373 2003 1403 2057 et
1434 1993 1576 2077 inprimis
1608 1988 1803 2069 Thucydidis
1831 1989 1989 2051 imitatore

167 2090 286 2175 aliquid
309 2091 447 2173 proferre
468 2091 646 2156 viedentur.
685 2089 790 2155 Primo
810 2093 875 2174 jam
898 2093 1049 2176 inspicias
1064 2091 1161 2156 Vellei
1184 2095 1225 2174 ll,
1247 2095 1298 2173 30,
1315 2096 1345 2174 2,
1369 2097 1420 2180 qui
1437 2093 1624 2159 Sallustium
1640 2089 1776 2174 appellat
1793 2086 1988 2167 Thucydidis

167 2192 370 2274 „aemulum“
394 2194 509 2276 quain
531 2215 566 2258 re
589 2213 777 2277 magnopere
800 2192 951 2273 dolemus,
975 2194 1058 2279 quod
1084 2214 1123 2258 ne
1145 2215 1207 2259 nno
1230 2196 1354 2279 quidem
1382 2197 1478 2262 verbo
1501 2194 1631 2274 addidit,
1661 2191 1765 2275 qualis
1791 2191 1886 2254 suerit
1912 2186 1993 2252 haec

166 2293 346 2361 aemulatio.

268 2396 374 2480 Neque
396 2393 535 2478 profecto
560 2397 662 2478 magis
684 2415 748 2459 rem
771 2396 899 2479 expedit
914 2396 1128 2474 Quintilianus
1144 2418 1239 2479 quum
1257 2396 1333 2461 dicit
1355 2396 1473 2481 (Instit.
1489 2396 1576 2460 Orat.
1600 2396 1696 2475 10,],
1715 2392 1801 2475 101).
1846 2391 1907 2472 „At
1927 2409 1991 2453 non

165 2497 300 2564 historia
322 2497 468 2562 cesserim
492 2494 631 2576 Graccis,
654 2518 711 2561 nec
733 2518 887 2581 opponere
910 2497 1085 2578 Thucydidi
1101 2497 1286 2564 Sallustium
1309 2500 1448 2562 verear‘.
1482 2497 1561 2561 Nam
1584 2517 1623 2560 ex
1645 2516 1682 2559 eo
1704 2493 1787 2578 quod
1804 2490 1989 2558 Sallustium

167 2600 249 2665 tanti
271 2598 454 2664 aestimavit
476 2601 585 2680 quanti
607 2601 789 2683 scriptorem
811 2597 900 2662 illum
916 2602 1063 2682 Atticum,
1088 2599 1126 2664 de
1148 2601 1323 2664 imitatione
1339 2598 1458 2681 aliquid
1475 2600 1550 2663 certi
1568 2598 1695 2660 minime
1710 2596 1861 2679 conjicere
1876 2614 1988 2678 possu-

168 2720 251 2765 mus.
283 2700 465 2763 accuratius
482 2698 602 2765 Seneca
624 2701 719 2781 (Sues
735 2724 763 2785 p.
780 2701 831 2780 35,
850 2703 902 2784 11)
925 2710 1091 2785 utrumque
1106 2704 1137 2765 in
1161 2721 1230 2766 eam
1247 2701 1505 2764 consuetudinem
1521 2700 1648 2762 venisse
1671 2696 1807 2777 exhibet,
1828 2702 1875 2775 ut,
1896 2715 1991 2779 quum

169 2801 209 2867 de
230 2810 330 2866 morte
352 2800 412 2864 viri
436 2798 567 2884 alicujus
590 2801 664 2865 clari
688 2802 856 2877 retulisset,
880 2803 1022 2885 ejusdem
1044 2806 1104 2867 viri
1127 2805 1212 2867 vitae
1235 2823 1418 2887 morumque
1441 2802 1679 2883 descriptionem
1702 2804 1891 2862 ariarecteret.
1934 2801 1990 2860 At·

171 2924 233 2988 que
254 2902 338 2967 idem
361 2909 470 2966 auctor
486 2898 646 2982 (Contrcv.
671 2908 699 2978 8,
719 2908 766 2969 13.
782 2925 810 2986 p.
829 2904 904 2987 240)
927 2904 1109 2970 Sallustium
1130 2905 1256 2988 perinde
1278 2912 1373 2989 atque
1389 2902 1603 2982 Thucydidem
1625 2899 1790 2963 brevitatis
1813 2898 1991 2962 studiosum

173 3007 344 3085 existimat,
366 3001 422 3066 sed
445 3001 501 3066 illa
528 3025 620 3087 qnam
648 3004 759 3068 laudat
787 3007 964 3069 sententia:
1000 3005 1057 3078 ,ai
1088 3002 1263 3086 adnpattm
1293 3003 1480 3087 συγκρύψαι
1507 3011 1562 3067 καὶ
1591 2998 1766 3067 συσκιάσαι
1794 2997 1834 3062 τὰ
1864 2996 1993 3061 ἑαυτῶν

171 3102 417 3188 ὁμαρτήματα“
439 3125 501 3167 non
523 3116 572 3169 est
588 3106 781 3186 Thucydidis
796 3105 851 3169 sed
869 3106 1098 3173 Demosthenis.
1132 3107 1301 3173 Suetonius
1319 3115 1424 3170 autem
1441 3106 1591 3189 (Gramm.
1612 3104 1664 3184 10)
1681 3099 1819 3163 Sallustii
1838 3099 1992 3161 sermonis

174 3207 335 3292 proprium
357 3205 456 3269 fuisse
478 3217 710 3286 commemorat,
740 3216 776 3271 ut
799 3206 948 3271 audacter
975 3217 1114 3272 uteretur
1137 3208 1405 3273 translationibus.
1458 3206 1537 3287 (Vox
1570 3201 1777 3284 „translatid‘
1807 3219 1869 3262 non
1897 3195 1992 3261 aliam

173 3310 241 3373 vim
271 3305 368 3372 habet
393 3328 487 3390 qnam
509 3309 660 3374 Graecum
691 3307 767 3372 illud
794 3306 994 3393 μεταφσρᾰ).
1046 3312 1147 3393 Atque
1175 3309 1236 3374 huc
1265 3310 1359 3373 etiarn
1382 3309 1535 3391 pertinere
1564 3304 1720 3380 vittantur,
1750 3321 1831 3383 quae
1859 3296 1994 3383 legimus

174 3408 259 3495 apud
280 3408 510 3489 Quintilianum
537 3412 568 3475 9.
594 3413 623 3490 3,
653 3412 708 3475 17:
742 3411 811 3490 „Ex
834 3409 951 3476 Graeco
981 3432 1055 3475 vero
1084 3413 1239 3476 translata
1266 3408 1319 3472 vel
1349 3406 1490 3474 Sallustii
1518 3405 1654 3492 plurima
1682 3403 1774 3488 quale
1803 3409 1853 3465 est
1879 3398 1994 3482 vulgus

176 3517 265 3578 amat
284 3509 383 3575 fierit
427 3509 524 3574 Addit
545 3510 679 3596 denique
701 3512 783 3576 idem
812 3513 944 3596 scriptor
974 3512 1039 3595 (10,
1062 3514 1090 3590 2,
1116 3516 1168 3596 11)
1191 3512 1340 3577 Sallustio
1370 3510 1487 3594 pariter
1514 3518 1609 3593 atque
1632 3505 1759 3569 Graecis
1790 3502 1995 3587 inprimisque

178 3611 353 3693 Thucydidi
376 3611 600 3677 obscuritatem
622 3612 778 3694 quandam
803 3614 966 3696 opprobrio
988 3614 1170 3678 vertendam
1194 3635 1264 3677 esse
1287 3634 1381 3695 quum
1405 3611 1532 3676 scribit:
1566 3609 1682 3692 „Attici
1704 3606 1853 3691 praecisis
1870 3599 1995 3667 conclu·

177 3714 321 3780 sionibus
343 3712 468 3778 obscuri
490 3712 674 3779 Sallustium
698 3721 791 3796 atque
814 3714 1029 3795 Thucydidem
1052 3725 1209 3797 superant.
1223 3700 1244 3741 '³

280 3816 476 3900 Quamquam
506 3814 555 3880 his
583 3813 728 3880 omnibus
756 3836 838 3898 quae
859 3827 1000 3881 veterum
1027 3816 1193 3881 attulimus
1223 3815 1412 3879 testimoniis
1434 3810 1619 3878 Sallustium
1648 3805 1800 3870 nonnulla
1822 3800 1999 3882 Thucydidi

180 3916 293 3982 debere
315 3919 395 3982 satis
416 3925 548 3997 constat,
571 3926 677 3982 tamen
699 3926 854 4000 quatenus
878 3910 1051 4003 quibusque
1073 3919 1104 3980 in
1128 3918 1220 3981 relius
1242 3917 1282 3980 ab
1298 3918 1399 3980 Attico
1423 3922 1548 3979 atrctorc
1570 3908 1716 3991 pendeat,
1740 3916 1851 3972 nostra
1873 3905 1998 3967 demum

179 4024 286 4083 aetate
308 4020 484 4083 accuratius
508 4020 710 4102 perquisitum
733 4025 792 4082 est.
825 4023 924 4102 Atque
945 4023 1064 4104 primus
1088 4018 1126 4084 de
1141 4018 1291 4083 Sallustio
1308 4014 1500 4095 'llrncydidis
1521 4014 1679 4075 imitatore
1703 4010 1828 4072 uberius
1851 4004 2000 4066 disseruit

180 4117 289 4203 Poppo
319 4118 366 4201 (in
395 4119 567 4203 prologum.
594 4119 644 4183 la
671 4119 828 4193 ara—81,
859 4121 911 4202 lt,
941 4123 1081 4201 51-53)
1111 4119 1166 4184 sed
1196 4123 1228 4183 in
1256 4142 1293 4184 eo
1323 4121 1371 4182 vir
1400 4113 1626 4197 sagacissimus
1655 4109 1845 4192 aliquotiens
1879 4127 1898 4169 a
1927 4125 2001 4167 vero

180 4220 346 4286 aben-asse
369 4220 446 4284 mihi
472 4222 611 4302 videtur,
639 4220 738 4304 quod,
768 4242 970 4306 quaecunque
997 4223 1160 4288 amborum
1183 4221 1263 4284 vidit
1291 4217 1478 4293 conrmunia,
1508 4213 1694 4279 Sallustium
1721 4213 1897 4271 rtrutrratum
1928 4224 1999 4267 esse

182 4320 354 4389 contendit.
387 4320 486 4386 Multo
505 4325 571 4407 jam
595 4325 696 4407 magis
719 4322 756 4385 de
779 4320 837 4385 hac
859 4325 982 4406 quidem
1005 4325 1191 4409 quaestione
1207 4322 1325 4403 Dolega
1347 4319 1476 4380 meritus
1498 4324 1556 4380 est.
1589 4314 1650 4393 Qui
1672 4331 1733 4373 non
1756 4308 1857 4373 solum
1883 4306 1998 4370 utrius·

183 4444 243 4508 que
270 4422 357 4487 loeus
383 4422 504 4488 similes
532 4446 656 4487 summa
684 4445 754 4488 cum
776 4423 940 4508 diligentia
967 4427 1136 4511 corigessit,
1158 4444 1267 4488 verum
1291 4423 1395 4500 etiam,
1423 4439 1484 4501 qun
1505 4418 1627 4481 ratione
1649 4410 1834 4477 Sallustium
1866 4410 1898 4472 in
1929 4409 1999 4471 imi-

185 4523 282 4589 tando
304 4522 433 4588 ductum
455 4533 590 4609 putaret,
613 4524 748 4589 dilucide
771 4526 926 4608 exposuit.

287 4624 345 4690 Cui
360 4625 564 4711 disputationi
586 4626 737 4691 nonnulla
753 4625 963 4692 blollurannus
978 4629 1099 4713 adjecit.
1143 4624 1193 4690 Illi
1216 4644 1291 4687 vero
1307 4623 1366 4686 viri
1389 4621 1472 4687 docti
1487 4639 1580 4703 quum
1603 4615 1636 4681 id
1652 4615 1787 4678 niaxime
1808 4615 2000 4695 appeterent,

187 4732 225 4791 nt
246 4728 410 4809 aperirent,
432 4726 587 4812 quomodo
609 4727 779 4793 Sallustius
802 4728 852 4793 vel
875 4729 1040 4792 consilium
1063 4729 1165 4812 operis
1189 4723 1385 4803 Thucydidci
1407 4728 1598 4804 sequeretur,
1626 4716 1677 4782 vel
1700 4715 1874 4779 sententias
1898 4719 2000 4773 trans·

189 4826 293 4911 ferret,
316 4848 366 4893 res
389 4832 610 4914 grammaticas
633 4829 768 4894 breviter
789 4838 912 4896 tantum
935 4832 1192 4913 perstrinxerunt.
1236 4828 1355 4906 Quibus
1386 4843 1511 4909 operam
1541 4819 1694 4886 dederuut
1715 4816 1873 4893 Lawsius,
1903 4806 2003 4875 Tech-
