<?xml version="1.0" encoding="UTF-8"?>
<!DOCTYPE html PUBLIC "-//W3C//DTD XHTML 1.0 Transitional//EN"
    "http://www.w3.org/TR/xhtml1/DTD/xhtml1-transitional.dtd">
<html xmlns="http://www.w3.org/1999/xhtml" xml:lang="en" lang="en">
 <head>
  <title>
</title>
<meta http-equiv="Content-Type" content="text/html;charset=utf-8" />
  <meta name='ocr-system' content='tesseract 3.04.00' />
  <meta name='ocr-capabilities' content='ocr_page ocr_carea ocr_par ocr_line ocrx_word'/>
</head>
<body>
  <div class='ocr_page' id='page_1' title='image "./quibusinrebussa00schigoog_0020.png"; bbox 0 0 4328 5580; ppageno 0'>
   <div class='ocr_carea' id='block_1_1' title="bbox 975 304 1170 420">
    <p class='ocr_par' dir='ltr' id='par_1_1' title="bbox 975 304 1170 420">
     <span class='ocr_line' id='line_1_1' title="bbox 975 304 1170 420; baseline 0 -44"><span class='ocrx_word' id='word_1_1' title='bbox 975 304 1170 420; x_wconf 44' lang='grc'><strong>,13-</strong></span> 
     </span>
    </p>
   </div>
   <div class='ocr_carea' id='block_1_2' title="bbox 161 512 2006 4974">
    <p class='ocr_par' dir='ltr' id='par_1_2' title="bbox 161 512 1981 924">
     <span class='ocr_line' id='line_1_2' title="bbox 161 512 1979 606; baseline -0.015 0"><span class='ocrx_word' id='word_1_2' title='bbox 161 543 249 606; x_wconf 83' lang='lat' dir='ltr'><strong>tivns</strong></span> <span class='ocrx_word' id='word_1_3' title='bbox 271 556 334 602; x_wconf 91' lang='lat' dir='ltr'><strong>nen</strong></span> <span class='ocrx_word' id='word_1_4' title='bbox 357 554 378 598; x_wconf 88' lang='lat' dir='ltr'><strong>a</strong></span> <span class='ocrx_word' id='word_1_5' title='bbox 397 536 509 597; x_wconf 87' lang='lat' dir='ltr'><strong>neutro</strong></span> <span class='ocrx_word' id='word_1_6' title='bbox 532 525 589 593; x_wconf 84' lang='lat' dir='ltr'><strong>sed</strong></span> <span class='ocrx_word' id='word_1_7' title='bbox 610 547 631 591; x_wconf 90' lang='lat' dir='ltr'><strong>a</strong></span> <span class='ocrx_word' id='word_1_8' title='bbox 651 530 721 590; x_wconf 90' lang='lat' dir='ltr'><strong>tota</strong></span> <span class='ocrx_word' id='word_1_9' title='bbox 741 523 899 589; x_wconf 88' lang='lat' dir='ltr'><strong>sententia</strong></span> <span class='ocrx_word' id='word_1_10' title='bbox 924 519 1065 605; x_wconf 92' lang='lat' dir='ltr'><strong>pendens</strong></span> <span class='ocrx_word' id='word_1_11' title='bbox 1094 519 1227 604; x_wconf 85' lang='lat' dir='ltr'><strong>cogitari</strong></span> <span class='ocrx_word' id='word_1_12' title='bbox 1257 516 1359 583; x_wconf 91' lang='lat' dir='ltr'><strong>debet.</strong></span> <span class='ocrx_word' id='word_1_13' title='bbox 1409 517 1574 602; x_wconf 81' lang='lat' dir='ltr'>Utcunque</span> <span class='ocrx_word' id='word_1_14' title='bbox 1602 522 1708 580; x_wconf 89' lang='lat' dir='ltr'><strong>antem</strong></span> <span class='ocrx_word' id='word_1_15' title='bbox 1731 534 1782 579; x_wconf 91' lang='lat' dir='ltr'><strong>res</strong></span> <span class='ocrx_word' id='word_1_16' title='bbox 1811 533 1847 579; x_wconf 88' lang='lat' dir='ltr'><strong>se</strong></span> <span class='ocrx_word' id='word_1_17' title='bbox 1874 512 1979 594; x_wconf 89' lang='lat' dir='ltr'><strong>habet,</strong></span> 
     </span>
     <span class='ocr_line' id='line_1_3' title="bbox 162 615 1979 727; baseline -0.015 -20"><span class='ocrx_word' id='word_1_18' title='bbox 162 637 315 727; x_wconf 87' lang='lat' dir='ltr'><strong>ejusmodi</strong></span> <span class='ocrx_word' id='word_1_19' title='bbox 337 641 527 701; x_wconf 75' lang='lat' dir='ltr'><strong>structuram</strong></span> <span class='ocrx_word' id='word_1_20' title='bbox 548 627 589 694; x_wconf 89' lang='lat' dir='ltr'><strong>ad</strong></span> <span class='ocrx_word' id='word_1_21' title='bbox 610 627 747 693; x_wconf 86' lang='lat' dir='ltr'><strong>Graecos</strong></span> <span class='ocrx_word' id='word_1_22' title='bbox 768 624 996 689; x_wconf 76' lang='lat' dir='ltr'><strong>conformatam</strong></span> <span class='ocrx_word' id='word_1_23' title='bbox 1019 641 1089 686; x_wconf 92' lang='lat' dir='ltr'><strong>esse</strong></span> <span class='ocrx_word' id='word_1_24' title='bbox 1112 628 1230 684; x_wconf 90' lang='lat' dir='ltr'><strong>certum</strong></span> <span class='ocrx_word' id='word_1_25' title='bbox 1253 621 1320 691; x_wconf 74' lang='lat' dir='ltr'><strong>estl,</strong></span> <span class='ocrx_word' id='word_1_26' title='bbox 1353 619 1539 685; x_wconf 89' lang='lat' dir='ltr'><strong>Graecorum</strong></span> <span class='ocrx_word' id='word_1_27' title='bbox 1561 628 1666 684; x_wconf 88' lang='lat' dir='ltr'><strong>autem</strong></span> <span class='ocrx_word' id='word_1_28' title='bbox 1682 615 1865 697; x_wconf 76' lang='lat' dir='ltr'><strong>Thucydide</strong></span> <span class='ocrx_word' id='word_1_29' title='bbox 1886 635 1979 682; x_wconf 89' lang='lat' dir='ltr'><strong>nemo</strong></span> 
     </span>
     <span class='ocr_line' id='line_1_4' title="bbox 163 713 1981 826; baseline -0.012 -21"><span class='ocrx_word' id='word_1_30' title='bbox 163 742 289 826; x_wconf 86' lang='lat' dir='ltr'><strong>saepius</strong></span> <span class='ocrx_word' id='word_1_31' title='bbox 311 758 350 803; x_wconf 89' lang='lat' dir='ltr'><strong>ea</strong></span> <span class='ocrx_word' id='word_1_32' title='bbox 370 756 449 800; x_wconf 88' lang='lat' dir='ltr'><strong>usus</strong></span> <span class='ocrx_word' id='word_1_33' title='bbox 470 741 528 812; x_wconf 89' lang='lat' dir='ltr'><strong>est,</strong></span> <span class='ocrx_word' id='word_1_34' title='bbox 551 729 632 816; x_wconf 91' lang='lat' dir='ltr'><strong>apud</strong></span> <span class='ocrx_word' id='word_1_35' title='bbox 656 749 747 811; x_wconf 90' lang='lat' dir='ltr'><strong>quem</strong></span> <span class='ocrx_word' id='word_1_36' title='bbox 771 725 884 791; x_wconf 89' lang='lat' dir='ltr'><strong>habes:</strong></span> <span class='ocrx_word' id='word_1_37' title='bbox 916 725 944 807; x_wconf 91' lang='grc'><strong>1,</strong></span> <span class='ocrx_word' id='word_1_38' title='bbox 966 724 1021 791; x_wconf 87' lang='lat'><strong>36:</strong></span> <span class='ocrx_word' id='word_1_39' title='bbox 1057 721 1182 796; x_wconf 69' lang='lat' dir='ltr'><strong>..sadoc</strong></span> <span class='ocrx_word' id='word_1_40' title='bbox 1204 718 1385 802; x_wconf 77' lang='grc' dir='ltr'><strong><em>παράπλου</em></strong></span> <span class='ocrx_word' id='word_1_41' title='bbox 1406 732 1540 786; x_wconf 76' lang='grc' dir='ltr'>κετται··.</span> <span class='ocrx_word' id='word_1_42' title='bbox 1583 721 1607 803; x_wconf 88' lang='grc' dir='ltr'>Ι,</span> <span class='ocrx_word' id='word_1_43' title='bbox 1630 721 1686 785; x_wconf 80' lang='lat'><strong>22:</strong></span> <span class='ocrx_word' id='word_1_44' title='bbox 1709 714 1772 796; x_wconf 75' lang='lat' dir='ltr'><strong>„cic</strong></span> <span class='ocrx_word' id='word_1_45' title='bbox 1792 713 1912 801; x_wconf 80' lang='grc' dir='ltr'><strong><em>ἑτέρων</em></strong></span> <span class='ocrx_word' id='word_1_46' title='bbox 1932 742 1981 797; x_wconf 78' lang='grc' dir='ltr'><strong>τις</strong></span> 
     </span>
     <span class='ocr_line' id='line_1_5' title="bbox 161 817 1943 924; baseline -0.012 -16"><span class='ocrx_word' id='word_1_47' title='bbox 161 838 295 916; x_wconf 66' lang='grc' dir='ltr'><strong>εὐνοίας</strong></span> <span class='ocrx_word' id='word_1_48' title='bbox 315 839 335 924; x_wconf 79' lang='grc' dir='ltr'><em>ἢ</em></span> <span class='ocrx_word' id='word_1_49' title='bbox 357 832 482 921; x_wconf 75' lang='grc' dir='ltr'><strong><em>μνήμης</em></strong></span> <span class='ocrx_word' id='word_1_50' title='bbox 503 832 591 914; x_wconf 61' lang='lat' dir='ltr'><strong>tzor·</strong></span> <span class='ocrx_word' id='word_1_51' title='bbox 614 829 655 903; x_wconf 85' lang='grc' dir='ltr'><strong>ΙΙ,</strong></span> <span class='ocrx_word' id='word_1_52' title='bbox 677 829 735 896; x_wconf 82' lang='grc' dir='ltr'><strong>9οτ</strong></span> <span class='ocrx_word' id='word_1_53' title='bbox 762 823 804 902; x_wconf 79' lang='grc' dir='ltr'><strong>ὥς</strong></span> <span class='ocrx_word' id='word_1_54' title='bbox 824 823 944 907; x_wconf 78' lang='grc' dir='ltr'><strong><em>τάχους</em></strong></span> <span class='ocrx_word' id='word_1_55' title='bbox 963 848 1012 900; x_wconf 81' lang='grc' dir='ltr'><strong>τις</strong></span> <span class='ocrx_word' id='word_1_56' title='bbox 1034 823 1120 905; x_wconf 67' lang='grc' dir='ltr'><em>ἔχεν*</em></span> <span class='ocrx_word' id='word_1_57' title='bbox 1141 823 1209 903; x_wconf 78' lang='lat' dir='ltr'><strong>Vll,</strong></span> <span class='ocrx_word' id='word_1_58' title='bbox 1231 823 1288 887; x_wconf 81' lang='lat'><strong>54:</strong></span> <span class='ocrx_word' id='word_1_59' title='bbox 1312 817 1374 897; x_wconf 71' lang='lat' dir='ltr'><strong>„nic</strong></span> <span class='ocrx_word' id='word_1_60' title='bbox 1395 825 1529 898; x_wconf 70' lang='lat' dir='ltr'><strong>laceror</strong></span> <span class='ocrx_word' id='word_1_61' title='bbox 1549 826 1605 904; x_wconf 84' lang='grc' dir='ltr'><strong>τῆς</strong></span> <span class='ocrx_word' id='word_1_62' title='bbox 1626 820 1797 900; x_wconf 79' lang='grc' dir='ltr'><strong><em>ξυντυχίας</em></strong></span> <span class='ocrx_word' id='word_1_63' title='bbox 1818 817 1943 900; x_wconf 78' lang='grc' dir='ltr'>ἔσχεν“.</span> 
     </span>
    </p>

    <p class='ocr_par' dir='ltr' id='par_1_3' title="bbox 163 921 1981 1323">
     <span class='ocr_line' id='line_1_6' title="bbox 265 921 1981 1025; baseline -0.01 -17"><span class='ocrx_word' id='word_1_64' title='bbox 265 942 368 1025; x_wconf 74' lang='lat' dir='ltr'><strong>Atque</strong></span> <span class='ocrx_word' id='word_1_65' title='bbox 388 936 461 1002; x_wconf 93' lang='lat' dir='ltr'><strong>inde</strong></span> <span class='ocrx_word' id='word_1_66' title='bbox 491 937 661 1018; x_wconf 89' lang='lat' dir='ltr'><strong>repetimus</strong></span> <span class='ocrx_word' id='word_1_67' title='bbox 682 928 825 995; x_wconf 77' lang='lat' dir='ltr'><strong>Sallustii</strong></span> <span class='ocrx_word' id='word_1_68' title='bbox 852 926 1111 993; x_wconf 86' lang='lat' dir='ltr'><strong>consuetudinem</strong></span> <span class='ocrx_word' id='word_1_69' title='bbox 1139 923 1304 1008; x_wconf 89' lang='lat' dir='ltr'><strong>loquendi,</strong></span> <span class='ocrx_word' id='word_1_70' title='bbox 1331 946 1393 1009; x_wconf 90' lang='lat' dir='ltr'><strong>qua</strong></span> <span class='ocrx_word' id='word_1_71' title='bbox 1419 929 1667 1008; x_wconf 83' lang='lat' dir='ltr'><strong>comparativum</strong></span> <span class='ocrx_word' id='word_1_72' title='bbox 1694 921 1824 1006; x_wconf 89' lang='lat' dir='ltr'><strong>gradum</strong></span> <span class='ocrx_word' id='word_1_73' title='bbox 1852 924 1981 1007; x_wconf 89' lang='lat' dir='ltr'><strong>adjecti-</strong></span> 
     </span>
     <span class='ocr_line' id='line_1_7' title="bbox 163 1023 1981 1120; baseline -0.009 -9"><span class='ocrx_word' id='word_1_74' title='bbox 163 1065 277 1111; x_wconf 89' lang='lat' dir='ltr'><strong>vorum</strong></span> <span class='ocrx_word' id='word_1_75' title='bbox 299 1039 473 1107; x_wconf 73' lang='lat' dir='ltr'><strong>insolenter</strong></span> <span class='ocrx_word' id='word_1_76' title='bbox 491 1035 598 1120; x_wconf 86' lang='lat' dir='ltr'><strong>jungit</strong></span> <span class='ocrx_word' id='word_1_77' title='bbox 618 1053 688 1097; x_wconf 91' lang='lat' dir='ltr'><strong>cnm</strong></span> <span class='ocrx_word' id='word_1_78' title='bbox 710 1031 951 1116; x_wconf 80' lang='lat' dir='ltr'><strong>praepositione.</strong></span> <span class='ocrx_word' id='word_1_79' title='bbox 995 1026 1083 1093; x_wconf 83' lang='lat' dir='ltr'><strong>conf.</strong></span> <span class='ocrx_word' id='word_1_80' title='bbox 1106 1025 1145 1091; x_wconf 87' lang='lat' dir='ltr'><strong>H.</strong></span> <span class='ocrx_word' id='word_1_81' title='bbox 1168 1025 1209 1105; x_wconf 89' lang='grc' dir='ltr'><strong>ΙΙ,</strong></span> <span class='ocrx_word' id='word_1_82' title='bbox 1233 1027 1290 1091; x_wconf 90' lang='lat'><strong>88:</strong></span> <span class='ocrx_word' id='word_1_83' title='bbox 1322 1028 1373 1106; x_wconf 91' lang='lat' dir='ltr'><strong>„in</strong></span> <span class='ocrx_word' id='word_1_84' title='bbox 1396 1029 1499 1110; x_wconf 90' lang='lat' dir='ltr'><strong>majus</strong></span> <span class='ocrx_word' id='word_1_85' title='bbox 1527 1048 1613 1093; x_wconf 90' lang='lat' dir='ltr'><strong>more</strong></span> <span class='ocrx_word' id='word_1_86' title='bbox 1640 1042 1798 1094; x_wconf 79' lang='lat' dir='ltr'><strong>rumorum</strong></span> <span class='ocrx_word' id='word_1_87' title='bbox 1826 1023 1981 1095; x_wconf 70' lang='lat' dir='ltr'><strong>audivit“.</strong></span> 
     </span>
     <span class='ocr_line' id='line_1_8' title="bbox 163 1127 1981 1225; baseline -0.01 -13"><span class='ocrx_word' id='word_1_88' title='bbox 163 1144 205 1212; x_wconf 87' lang='grc' dir='ltr'><strong>ΙΙ.</strong></span> <span class='ocrx_word' id='word_1_89' title='bbox 227 1143 285 1225; x_wconf 93' lang='grc' dir='ltr'>ΙΙΙ,</span> <span class='ocrx_word' id='word_1_90' title='bbox 305 1143 363 1208; x_wconf 84' lang='lat'><strong>64:</strong></span> <span class='ocrx_word' id='word_1_91' title='bbox 397 1141 450 1220; x_wconf 91' lang='lat' dir='ltr'><strong>„in</strong></span> <span class='ocrx_word' id='word_1_92' title='bbox 479 1139 581 1219; x_wconf 90' lang='lat' dir='ltr'><strong>majus</strong></span> <span class='ocrx_word' id='word_1_93' title='bbox 602 1135 871 1219; x_wconf 85' lang='lat' dir='ltr'><strong>oonrponentem“.</strong></span> <span class='ocrx_word' id='word_1_94' title='bbox 915 1129 944 1197; x_wconf 89' lang='lat' dir='ltr'><strong>J.</strong></span> <span class='ocrx_word' id='word_1_95' title='bbox 974 1131 1024 1210; x_wconf 82' lang='grc'><strong>73,</strong></span> <span class='ocrx_word' id='word_1_96' title='bbox 1051 1129 1088 1194; x_wconf 86' lang='grc'><strong>4;</strong></span> <span class='ocrx_word' id='word_1_97' title='bbox 1125 1129 1179 1210; x_wconf 92' lang='lat' dir='ltr'><strong>„in</strong></span> <span class='ocrx_word' id='word_1_98' title='bbox 1206 1130 1308 1213; x_wconf 89' lang='lat' dir='ltr'><strong>majus</strong></span> <span class='ocrx_word' id='word_1_99' title='bbox 1335 1127 1521 1194; x_wconf 68' lang='lat' dir='ltr'><strong>celebraret.</strong></span> <span class='ocrx_word' id='word_1_100' title='bbox 1568 1130 1638 1211; x_wconf 87' lang='lat' dir='ltr'><strong>Qua</strong></span> <span class='ocrx_word' id='word_1_101' title='bbox 1665 1135 1698 1199; x_wconf 93' lang='lat' dir='ltr'><strong>in</strong></span> <span class='ocrx_word' id='word_1_102' title='bbox 1727 1158 1760 1203; x_wconf 90' lang='lat' dir='ltr'><strong>re</strong></span> <span class='ocrx_word' id='word_1_103' title='bbox 1789 1129 1981 1212; x_wconf 77' lang='lat' dir='ltr'><strong>Thucydidis</strong></span> 
     </span>
     <span class='ocr_line' id='line_1_9' title="bbox 163 1234 1101 1323; baseline -0.018 -11"><span class='ocrx_word' id='word_1_104' title='bbox 163 1246 382 1312; x_wconf 87' lang='lat' dir='ltr'><strong>auctoritatem</strong></span> <span class='ocrx_word' id='word_1_105' title='bbox 406 1241 603 1323; x_wconf 84' lang='lat' dir='ltr'><strong>conspicuam</strong></span> <span class='ocrx_word' id='word_1_106' title='bbox 627 1256 697 1300; x_wconf 89' lang='lat' dir='ltr'><strong>esse</strong></span> <span class='ocrx_word' id='word_1_107' title='bbox 718 1254 809 1298; x_wconf 88' lang='lat' dir='ltr'><strong>nemo</strong></span> <span class='ocrx_word' id='word_1_108' title='bbox 832 1240 882 1298; x_wconf 92' lang='lat' dir='ltr'><strong>est</strong></span> <span class='ocrx_word' id='word_1_109' title='bbox 902 1234 976 1316; x_wconf 89' lang='lat' dir='ltr'><strong>qnin</strong></span> <span class='ocrx_word' id='word_1_110' title='bbox 999 1238 1101 1314; x_wconf 83' lang='lat' dir='ltr'><strong>neget</strong></span> 
     </span>
    </p>

    <p class='ocr_par' dir='ltr' id='par_1_4' title="bbox 163 1328 1989 2232">
     <span class='ocr_line' id='line_1_10' title="bbox 266 1328 1983 1426; baseline -0.008 -16"><span class='ocrx_word' id='word_1_111' title='bbox 266 1346 426 1426; x_wconf 85' lang='lat' dir='ltr'><strong>Quantum</strong></span> <span class='ocrx_word' id='word_1_112' title='bbox 449 1342 564 1406; x_wconf 76' lang='lat' dir='ltr'><strong>attinet</strong></span> <span class='ocrx_word' id='word_1_113' title='bbox 585 1337 626 1401; x_wconf 89' lang='lat' dir='ltr'><strong>ad</strong></span> <span class='ocrx_word' id='word_1_114' title='bbox 647 1336 767 1416; x_wconf 87' lang='lat' dir='ltr'><strong>Medos,</strong></span> <span class='ocrx_word' id='word_1_115' title='bbox 790 1333 985 1399; x_wconf 82' lang='lat' dir='ltr'><strong>indicativus</strong></span> <span class='ocrx_word' id='word_1_116' title='bbox 1014 1334 1045 1396; x_wconf 93' lang='lat' dir='ltr'><strong>in</strong></span> <span class='ocrx_word' id='word_1_117' title='bbox 1075 1332 1215 1396; x_wconf 89' lang='lat' dir='ltr'><strong>oratione</strong></span> <span class='ocrx_word' id='word_1_118' title='bbox 1243 1349 1325 1415; x_wconf 89' lang='lat' dir='ltr'><strong>quae</strong></span> <span class='ocrx_word' id='word_1_119' title='bbox 1353 1328 1467 1396; x_wconf 91' lang='lat' dir='ltr'><strong>dicitur</strong></span> <span class='ocrx_word' id='word_1_120' title='bbox 1489 1330 1616 1416; x_wconf 87' lang='lat' dir='ltr'><strong>obliqua</strong></span> <span class='ocrx_word' id='word_1_121' title='bbox 1645 1339 1769 1421; x_wconf 88' lang='lat' dir='ltr'><strong>positus</strong></span> <span class='ocrx_word' id='word_1_122' title='bbox 1798 1335 1983 1422; x_wconf 86' lang='lat' dir='ltr'><strong>saepissime</strong></span> 
     </span>
     <span class='ocr_line' id='line_1_11' title="bbox 163 1431 1985 1533; baseline -0.008 -19"><span class='ocrx_word' id='word_1_123' title='bbox 163 1449 327 1533; x_wconf 88' lang='lat' dir='ltr'><strong>reperitur,</strong></span> <span class='ocrx_word' id='word_1_124' title='bbox 350 1445 403 1510; x_wconf 90' lang='lat' dir='ltr'><strong>nbi</strong></span> <span class='ocrx_word' id='word_1_125' title='bbox 425 1442 553 1526; x_wconf 88' lang='lat' dir='ltr'><strong>linguae</strong></span> <span class='ocrx_word' id='word_1_126' title='bbox 576 1437 699 1522; x_wconf 91' lang='lat' dir='ltr'><strong>legibus</strong></span> <span class='ocrx_word' id='word_1_127' title='bbox 720 1436 945 1521; x_wconf 74' lang='lat' dir='ltr'><strong>conjunctivus</strong></span> <span class='ocrx_word' id='word_1_128' title='bbox 967 1432 1154 1518; x_wconf 87' lang='lat' dir='ltr'><strong>postulatur.</strong></span> <span class='ocrx_word' id='word_1_129' title='bbox 1187 1433 1256 1512; x_wconf 87' lang='lat' dir='ltr'><strong>Qua</strong></span> <span class='ocrx_word' id='word_1_130' title='bbox 1277 1432 1317 1496; x_wconf 91' lang='lat' dir='ltr'><strong>de</strong></span> <span class='ocrx_word' id='word_1_131' title='bbox 1339 1431 1466 1499; x_wconf 87' lang='lat' dir='ltr'><strong>licentia</strong></span> <span class='ocrx_word' id='word_1_132' title='bbox 1486 1435 1672 1519; x_wconf 83' lang='lat' dir='ltr'><strong>interpretes</strong></span> <span class='ocrx_word' id='word_1_133' title='bbox 1694 1459 1882 1525; x_wconf 83' lang='lat' dir='ltr'><strong>magnopere</strong></span> <span class='ocrx_word' id='word_1_134' title='bbox 1903 1437 1985 1501; x_wconf 86' lang='lat' dir='ltr'><strong>inter</strong></span> 
     </span>
     <span class='ocr_line' id='line_1_12' title="bbox 165 1533 1985 1625; baseline -0.007 -11"><span class='ocrx_word' id='word_1_135' title='bbox 165 1570 201 1614; x_wconf 90' lang='lat' dir='ltr'><strong>se</strong></span> <span class='ocrx_word' id='word_1_136' title='bbox 222 1547 422 1613; x_wconf 79' lang='lat' dir='ltr'><strong>dissentiunt</strong></span> <span class='ocrx_word' id='word_1_137' title='bbox 465 1538 651 1608; x_wconf 87' lang='lat' dir='ltr'><strong>Gerlachius</strong></span> <span class='ocrx_word' id='word_1_138' title='bbox 673 1539 862 1604; x_wconf 83' lang='lat' dir='ltr'><strong>Graecorum</strong></span> <span class='ocrx_word' id='word_1_139' title='bbox 890 1536 1109 1603; x_wconf 85' lang='lat' dir='ltr'><strong>historicorum</strong></span> <span class='ocrx_word' id='word_1_140' title='bbox 1140 1554 1257 1598; x_wconf 89' lang='lat' dir='ltr'><strong>morem</strong></span> <span class='ocrx_word' id='word_1_141' title='bbox 1288 1533 1423 1598; x_wconf 86' lang='lat' dir='ltr'><strong>dilucide</strong></span> <span class='ocrx_word' id='word_1_142' title='bbox 1450 1533 1523 1600; x_wconf 91' lang='lat' dir='ltr'><strong>binc</strong></span> <span class='ocrx_word' id='word_1_143' title='bbox 1550 1541 1696 1622; x_wconf 81' lang='lat' dir='ltr'><strong>cognosci</strong></span> <span class='ocrx_word' id='word_1_144' title='bbox 1719 1542 1855 1625; x_wconf 83' lang='lat' dir='ltr'><strong>exponit</strong></span> <span class='ocrx_word' id='word_1_145' title='bbox 1897 1537 1985 1603; x_wconf 86' lang='lat' dir='ltr'><strong>idern</strong></span> 
     </span>
     <span class='ocr_line' id='line_1_13' title="bbox 168 1635 1986 1732; baseline -0.006 -16"><span class='ocrx_word' id='word_1_146' title='bbox 168 1651 267 1716; x_wconf 86' lang='lat' dir='ltr'><strong>sentit</strong></span> <span class='ocrx_word' id='word_1_147' title='bbox 285 1648 469 1732; x_wconf 87' lang='lat' dir='ltr'><strong>Herzogius.</strong></span> <span class='ocrx_word' id='word_1_148' title='bbox 503 1642 601 1708; x_wconf 79' lang='lat' dir='ltr'><strong>Aliter</strong></span> <span class='ocrx_word' id='word_1_149' title='bbox 618 1638 741 1725; x_wconf 90' lang='lat' dir='ltr'><strong>judicat</strong></span> <span class='ocrx_word' id='word_1_150' title='bbox 754 1638 911 1718; x_wconf 89' lang='lat' dir='ltr'><strong>Lavvsins,</strong></span> <span class='ocrx_word' id='word_1_151' title='bbox 933 1639 987 1723; x_wconf 89' lang='lat' dir='ltr'><strong>qni</strong></span> <span class='ocrx_word' id='word_1_152' title='bbox 1002 1635 1186 1702; x_wconf 84' lang='lat' dir='ltr'><strong>Sallustium</strong></span> <span class='ocrx_word' id='word_1_153' title='bbox 1209 1637 1409 1717; x_wconf 89' lang='lat' dir='ltr'><strong>antiquorum</strong></span> <span class='ocrx_word' id='word_1_154' title='bbox 1432 1639 1510 1702; x_wconf 90' lang='lat' dir='ltr'><strong>mori</strong></span> <span class='ocrx_word' id='word_1_155' title='bbox 1526 1637 1696 1705; x_wconf 90' lang='lat' dir='ltr'><strong>indulsisse</strong></span> <span class='ocrx_word' id='word_1_156' title='bbox 1709 1642 1815 1707; x_wconf 82' lang='lat' dir='ltr'><strong>credit</strong></span> <span class='ocrx_word' id='word_1_157' title='bbox 1849 1640 1986 1707; x_wconf 84' lang='lat' dir='ltr'><strong>Maximo</strong></span> 
     </span>
     <span class='ocr_line' id='line_1_14' title="bbox 167 1737 1988 1827; baseline -0.007 -10"><span class='ocrx_word' id='word_1_158' title='bbox 167 1750 208 1818; x_wconf 89' lang='lat' dir='ltr'><strong>ad</strong></span> <span class='ocrx_word' id='word_1_159' title='bbox 230 1753 399 1815; x_wconf 90' lang='lat' dir='ltr'><strong>veritatem</strong></span> <span class='ocrx_word' id='word_1_160' title='bbox 422 1742 678 1809; x_wconf 88' lang='lat' dir='ltr'><strong>Badstuebnerus</strong></span> <span class='ocrx_word' id='word_1_161' title='bbox 700 1741 831 1822; x_wconf 88' lang='lat' dir='ltr'><strong>accedit,</strong></span> <span class='ocrx_word' id='word_1_162' title='bbox 854 1742 909 1823; x_wconf 90' lang='lat' dir='ltr'><strong>qui</strong></span> <span class='ocrx_word' id='word_1_163' title='bbox 931 1746 1013 1803; x_wconf 89' lang='lat' dir='ltr'><strong>recte</strong></span> <span class='ocrx_word' id='word_1_164' title='bbox 1035 1737 1226 1817; x_wconf 81' lang='lat' dir='ltr'><strong>observavit,</strong></span> <span class='ocrx_word' id='word_1_165' title='bbox 1256 1737 1457 1820; x_wconf 88' lang='lat' dir='ltr'><strong>scriptoribus</strong></span> <span class='ocrx_word' id='word_1_166' title='bbox 1485 1738 1535 1804; x_wconf 93' lang='lat' dir='ltr'><strong>vel</strong></span> <span class='ocrx_word' id='word_1_167' title='bbox 1562 1741 1690 1827; x_wconf 90' lang='lat' dir='ltr'><strong>optimis</strong></span> <span class='ocrx_word' id='word_1_168' title='bbox 1710 1741 1834 1808; x_wconf 90' lang='lat' dir='ltr'><strong>Latinis</strong></span> <span class='ocrx_word' id='word_1_169' title='bbox 1856 1741 1988 1806; x_wconf 89' lang='lat' dir='ltr'><strong>nonita</strong></span> 
     </span>
     <span class='ocr_line' id='line_1_15' title="bbox 168 1839 1988 1928; baseline -0.007 -9"><span class='ocrx_word' id='word_1_170' title='bbox 168 1855 354 1919; x_wconf 85' lang='lat' dir='ltr'><strong>inusitatum</strong></span> <span class='ocrx_word' id='word_1_171' title='bbox 377 1849 482 1927; x_wconf 87' lang='lat' dir='ltr'><strong>tuisse,</strong></span> <span class='ocrx_word' id='word_1_172' title='bbox 505 1852 550 1925; x_wconf 92' lang='lat' dir='ltr'><strong>ut,</strong></span> <span class='ocrx_word' id='word_1_173' title='bbox 573 1845 599 1908; x_wconf 92' lang='lat' dir='ltr'><strong>si</strong></span> <span class='ocrx_word' id='word_1_174' title='bbox 622 1842 696 1927; x_wconf 90' lang='lat' dir='ltr'><strong>quid</strong></span> <span class='ocrx_word' id='word_1_175' title='bbox 724 1863 764 1906; x_wconf 86' lang='lat' dir='ltr'><strong>ex</strong></span> <span class='ocrx_word' id='word_1_176' title='bbox 786 1849 891 1907; x_wconf 89' lang='lat' dir='ltr'><strong>mente</strong></span> <span class='ocrx_word' id='word_1_177' title='bbox 913 1849 946 1905; x_wconf 91' lang='lat' dir='ltr'><strong>et</strong></span> <span class='ocrx_word' id='word_1_178' title='bbox 970 1862 1066 1906; x_wconf 90' lang='lat' dir='ltr'><strong>sensu</strong></span> <span class='ocrx_word' id='word_1_179' title='bbox 1091 1840 1265 1904; x_wconf 89' lang='lat' dir='ltr'><strong>aliorumve</strong></span> <span class='ocrx_word' id='word_1_180' title='bbox 1294 1839 1430 1923; x_wconf 85' lang='lat' dir='ltr'><strong>prolerre</strong></span> <span class='ocrx_word' id='word_1_181' title='bbox 1453 1839 1546 1926; x_wconf 90' lang='lat' dir='ltr'><strong>idque</strong></span> <span class='ocrx_word' id='word_1_182' title='bbox 1568 1863 1630 1907; x_wconf 93' lang='lat' dir='ltr'><strong>non</strong></span> <span class='ocrx_word' id='word_1_183' title='bbox 1657 1865 1711 1928; x_wconf 89' lang='lat' dir='ltr'><strong>pro</strong></span> <span class='ocrx_word' id='word_1_184' title='bbox 1734 1846 1851 1909; x_wconf 90' lang='lat' dir='ltr'><strong>incerto</strong></span> <span class='ocrx_word' id='word_1_185' title='bbox 1874 1863 1988 1928; x_wconf 89' lang='lat' dir='ltr'><strong>ponere</strong></span> 
     </span>
     <span class='ocr_line' id='line_1_16' title="bbox 169 1941 1986 2029; baseline -0.004 -11"><span class='ocrx_word' id='word_1_186' title='bbox 169 1951 226 2018; x_wconf 90' lang='lat' dir='ltr'><strong>sed</strong></span> <span class='ocrx_word' id='word_1_187' title='bbox 259 1958 294 2017; x_wconf 91' lang='lat' dir='ltr'><strong>ut</strong></span> <span class='ocrx_word' id='word_1_188' title='bbox 327 1949 534 2014; x_wconf 84' lang='lat' dir='ltr'><strong>certissimam</strong></span> <span class='ocrx_word' id='word_1_189' title='bbox 568 1966 633 2009; x_wconf 91' lang='lat' dir='ltr'><strong>rem</strong></span> <span class='ocrx_word' id='word_1_190' title='bbox 663 1946 695 2009; x_wconf 92' lang='lat' dir='ltr'><strong>in</strong></span> <span class='ocrx_word' id='word_1_191' title='bbox 724 1942 812 2008; x_wconf 88' lang='lat' dir='ltr'><strong>nulla</strong></span> <span class='ocrx_word' id='word_1_192' title='bbox 839 1943 1036 2008; x_wconf 88' lang='lat' dir='ltr'><strong>dubitatione</strong></span> <span class='ocrx_word' id='word_1_193' title='bbox 1067 1941 1250 2007; x_wconf 76' lang='lat' dir='ltr'><strong>collocatam</strong></span> <span class='ocrx_word' id='word_1_194' title='bbox 1277 1941 1448 2024; x_wconf 82' lang='lat' dir='ltr'><strong>exprimere</strong></span> <span class='ocrx_word' id='word_1_195' title='bbox 1474 1941 1587 2009; x_wconf 91' lang='lat' dir='ltr'><strong>volunt</strong></span> <span class='ocrx_word' id='word_1_196' title='bbox 1608 1945 1814 2010; x_wconf 87' lang='lat' dir='ltr'><strong>indicativum</strong></span> <span class='ocrx_word' id='word_1_197' title='bbox 1836 1964 1986 2029; x_wconf 87' lang='lat' dir='ltr'><strong>usurpare</strong></span> 
     </span>
     <span class='ocr_line' id='line_1_17' title="bbox 170 2042 1989 2130; baseline -0.005 -11"><span class='ocrx_word' id='word_1_198' title='bbox 170 2052 305 2120; x_wconf 87' lang='lat' dir='ltr'><strong>soleant.</strong></span> <span class='ocrx_word' id='word_1_199' title='bbox 346 2051 436 2130; x_wconf 85' lang='lat' dir='ltr'><strong>Quae</strong></span> <span class='ocrx_word' id='word_1_200' title='bbox 459 2050 616 2113; x_wconf 87' lang='lat' dir='ltr'><strong>sententia</strong></span> <span class='ocrx_word' id='word_1_201' title='bbox 637 2048 784 2130; x_wconf 90' lang='lat' dir='ltr'><strong>quoniam</strong></span> <span class='ocrx_word' id='word_1_202' title='bbox 807 2042 970 2129; x_wconf 88' lang='lat' dir='ltr'><strong>permultis</strong></span> <span class='ocrx_word' id='word_1_203' title='bbox 992 2043 1143 2129; x_wconf 84' lang='lat' dir='ltr'><strong>exemplis</strong></span> <span class='ocrx_word' id='word_1_204' title='bbox 1165 2042 1389 2125; x_wconf 86' lang='lat' dir='ltr'><strong>insignioribus</strong></span> <span class='ocrx_word' id='word_1_205' title='bbox 1410 2045 1491 2107; x_wconf 89' lang='lat' dir='ltr'><strong>satis</strong></span> <span class='ocrx_word' id='word_1_206' title='bbox 1512 2044 1696 2127; x_wconf 89' lang='lat' dir='ltr'><strong>illustratur,</strong></span> <span class='ocrx_word' id='word_1_207' title='bbox 1719 2046 1837 2112; x_wconf 90' lang='lat' dir='ltr'><strong>nullam</strong></span> <span class='ocrx_word' id='word_1_208' title='bbox 1860 2067 1989 2112; x_wconf 87' lang='lat' dir='ltr'><strong>oausam</strong></span> 
     </span>
     <span class='ocr_line' id='line_1_18' title="bbox 172 2142 1640 2232; baseline -0.005 -11"><span class='ocrx_word' id='word_1_209' title='bbox 172 2155 329 2232; x_wconf 89' lang='lat' dir='ltr'><strong>videmus,</strong></span> <span class='ocrx_word' id='word_1_210' title='bbox 352 2171 407 2215; x_wconf 88' lang='lat' dir='ltr'><strong>cur</strong></span> <span class='ocrx_word' id='word_1_211' title='bbox 429 2148 601 2214; x_wconf 87' lang='lat' dir='ltr'><strong>Sallustius</strong></span> <span class='ocrx_word' id='word_1_212' title='bbox 625 2147 684 2213; x_wconf 90' lang='lat' dir='ltr'><strong>hac</strong></span> <span class='ocrx_word' id='word_1_213' title='bbox 704 2149 736 2212; x_wconf 92' lang='lat' dir='ltr'><strong>in</strong></span> <span class='ocrx_word' id='word_1_214' title='bbox 760 2168 792 2211; x_wconf 89' lang='lat' dir='ltr'><strong>re</strong></span> <span class='ocrx_word' id='word_1_215' title='bbox 813 2145 949 2212; x_wconf 89' lang='lat' dir='ltr'><strong>Graecos</strong></span> <span class='ocrx_word' id='word_1_216' title='bbox 970 2153 1005 2210; x_wconf 87' lang='lat' dir='ltr'><strong>ut</strong></span> <span class='ocrx_word' id='word_1_217' title='bbox 1026 2143 1202 2228; x_wconf 86' lang='lat' dir='ltr'><strong>exemplum</strong></span> <span class='ocrx_word' id='word_1_218' title='bbox 1225 2143 1285 2208; x_wconf 91' lang='lat' dir='ltr'><strong>sibi</strong></span> <span class='ocrx_word' id='word_1_219' title='bbox 1307 2142 1463 2226; x_wconf 80' lang='lat' dir='ltr'><strong>delegisse</strong></span> <span class='ocrx_word' id='word_1_220' title='bbox 1484 2155 1640 2229; x_wconf 87' lang='lat' dir='ltr'><strong>putemus.</strong></span> 
     </span>
    </p>

    <p class='ocr_par' dir='ltr' id='par_1_5' title="bbox 174 2244 1997 2638">
     <span class='ocr_line' id='line_1_19' title="bbox 275 2244 1992 2337; baseline -0.002 -18"><span class='ocrx_word' id='word_1_221' title='bbox 275 2252 502 2337; x_wconf 74' lang='lat' dir='ltr'><strong>conjunctivus</strong></span> <span class='ocrx_word' id='word_1_222' title='bbox 533 2248 720 2313; x_wconf 89' lang='lat' dir='ltr'><strong>insolentius</strong></span> <span class='ocrx_word' id='word_1_223' title='bbox 740 2246 834 2332; x_wconf 90' lang='lat' dir='ltr'><strong>paulo</strong></span> <span class='ocrx_word' id='word_1_224' title='bbox 862 2255 1032 2332; x_wconf 86' lang='lat' dir='ltr'><strong>usurpatus</strong></span> <span class='ocrx_word' id='word_1_225' title='bbox 1061 2255 1179 2311; x_wconf 86' lang='lat' dir='ltr'><strong>exstat:</strong></span> <span class='ocrx_word' id='word_1_226' title='bbox 1203 2245 1236 2311; x_wconf 85' lang='lat' dir='ltr'><strong>O.</strong></span> <span class='ocrx_word' id='word_1_227' title='bbox 1258 2246 1288 2310; x_wconf 88' lang='grc' dir='ltr'><strong>Ι.</strong></span> <span class='ocrx_word' id='word_1_228' title='bbox 1311 2246 1351 2311; x_wconf 82' lang='grc' dir='ltr'><strong>Ι.;</strong></span> <span class='ocrx_word' id='word_1_229' title='bbox 1386 2244 1581 2326; x_wconf 81' lang='lat' dir='ltr'><strong>„Memorare</strong></span> <span class='ocrx_word' id='word_1_230' title='bbox 1606 2271 1742 2334; x_wconf 88' lang='lat' dir='ltr'><strong>possem,</strong></span> <span class='ocrx_word' id='word_1_231' title='bbox 1763 2286 1805 2296; x_wconf 98' lang='lat'>-</span> <span class='ocrx_word' id='word_1_232' title='bbox 1826 2251 1859 2313; x_wconf 91' lang='lat' dir='ltr'><strong>ni</strong></span> <span class='ocrx_word' id='word_1_233' title='bbox 1882 2270 1921 2315; x_wconf 90' lang='lat' dir='ltr'><strong>ea</strong></span> <span class='ocrx_word' id='word_1_234' title='bbox 1942 2270 1992 2315; x_wconf 88' lang='lat' dir='ltr'><strong>res</strong></span> 
     </span>
     <span class='ocr_line' id='line_1_20' title="bbox 178 2348 1997 2441; baseline -0.004 -18"><span class='ocrx_word' id='word_1_235' title='bbox 178 2357 305 2441; x_wconf 91' lang='lat' dir='ltr'><strong>longius</strong></span> <span class='ocrx_word' id='word_1_236' title='bbox 325 2374 384 2419; x_wconf 88' lang='lat' dir='ltr'><strong>nos</strong></span> <span class='ocrx_word' id='word_1_237' title='bbox 406 2350 446 2417; x_wconf 89' lang='lat' dir='ltr'><strong>ab</strong></span> <span class='ocrx_word' id='word_1_238' title='bbox 469 2352 591 2436; x_wconf 88' lang='lat' dir='ltr'><strong>incepto</strong></span> <span class='ocrx_word' id='word_1_239' title='bbox 613 2350 781 2417; x_wconf 88' lang='lat' dir='ltr'><strong>traberet“.</strong></span> <span class='ocrx_word' id='word_1_240' title='bbox 823 2349 911 2428; x_wconf 88' lang='lat' dir='ltr'><strong>Quae</strong></span> <span class='ocrx_word' id='word_1_241' title='bbox 932 2357 1090 2414; x_wconf 88' lang='lat' dir='ltr'><strong>structura</strong></span> <span class='ocrx_word' id='word_1_242' title='bbox 1110 2370 1205 2432; x_wconf 88' lang='lat' dir='ltr'><strong>quum</strong></span> <span class='ocrx_word' id='word_1_243' title='bbox 1229 2351 1394 2433; x_wconf 89' lang='lat' dir='ltr'><strong>conjuncta</strong></span> <span class='ocrx_word' id='word_1_244' title='bbox 1416 2350 1459 2413; x_wconf 89' lang='lat' dir='ltr'><strong>sit</strong></span> <span class='ocrx_word' id='word_1_245' title='bbox 1479 2352 1641 2415; x_wconf 90' lang='lat' dir='ltr'><strong>enuntiato</strong></span> <span class='ocrx_word' id='word_1_246' title='bbox 1662 2348 1878 2430; x_wconf 86' lang='lat' dir='ltr'><strong>condicionali,</strong></span> <span class='ocrx_word' id='word_1_247' title='bbox 1900 2349 1997 2417; x_wconf 89' lang='lat' dir='ltr'><strong>habet</strong></span> 
     </span>
     <span class='ocr_line' id='line_1_21' title="bbox 174 2449 1993 2546; baseline -0.004 -22"><span class='ocrx_word' id='word_1_248' title='bbox 174 2480 237 2546; x_wconf 82' lang='lat' dir='ltr'><strong>quo</strong></span> <span class='ocrx_word' id='word_1_249' title='bbox 259 2454 458 2522; x_wconf 85' lang='lat' dir='ltr'><strong>defendatur.</strong></span> <span class='ocrx_word' id='word_1_250' title='bbox 502 2455 546 2518; x_wconf 79' lang='lat' dir='ltr'><strong>Ac</strong></span> <span class='ocrx_word' id='word_1_251' title='bbox 567 2474 608 2517; x_wconf 90' lang='lat' dir='ltr'><strong>ne</strong></span> <span class='ocrx_word' id='word_1_252' title='bbox 629 2453 736 2519; x_wconf 81' lang='lat' dir='ltr'><strong>Cicero</strong></span> <span class='ocrx_word' id='word_1_253' title='bbox 757 2451 881 2536; x_wconf 86' lang='lat' dir='ltr'><strong>quidem</strong></span> <span class='ocrx_word' id='word_1_254' title='bbox 905 2471 973 2514; x_wconf 87' lang='lat' dir='ltr'><strong>earn</strong></span> <span class='ocrx_word' id='word_1_255' title='bbox 997 2471 1124 2534; x_wconf 88' lang='lat' dir='ltr'><strong>prorsus</strong></span> <span class='ocrx_word' id='word_1_256' title='bbox 1146 2459 1340 2534; x_wconf 86' lang='lat' dir='ltr'><strong>aspernatur.</strong></span> <span class='ocrx_word' id='word_1_257' title='bbox 1373 2449 1432 2514; x_wconf 81' lang='lat' dir='ltr'><strong>Cir.</strong></span> <span class='ocrx_word' id='word_1_258' title='bbox 1456 2451 1548 2516; x_wconf 91' lang='lat' dir='ltr'><strong>Tusc.</strong></span> <span class='ocrx_word' id='word_1_259' title='bbox 1572 2453 1600 2531; x_wconf 85' lang='lat'><strong>1,</strong></span> <span class='ocrx_word' id='word_1_260' title='bbox 1622 2453 1673 2533; x_wconf 86' lang='grc'><strong>34,</strong></span> <span class='ocrx_word' id='word_1_261' title='bbox 1696 2453 1754 2517; x_wconf 83' lang='lat'><strong>84:</strong></span> <span class='ocrx_word' id='word_1_262' title='bbox 1788 2451 1939 2533; x_wconf 86' lang='lat' dir='ltr'><strong>„Possem</strong></span> <span class='ocrx_word' id='word_1_263' title='bbox 1960 2452 1993 2517; x_wconf 92' lang='lat' dir='ltr'><strong>id</strong></span> 
     </span>
     <span class='ocr_line' id='line_1_22' title="bbox 174 2552 1631 2638; baseline -0.005 -12"><span class='ocrx_word' id='word_1_264' title='bbox 174 2560 310 2628; x_wconf 60' lang='lat' dir='ltr'><strong>faceret</strong></span> <span class='ocrx_word' id='word_1_265' title='bbox 354 2556 447 2622; x_wconf 86' lang='lat' dir='ltr'><strong>Tuae.</strong></span> <span class='ocrx_word' id='word_1_266' title='bbox 469 2554 499 2635; x_wconf 81' lang='grc'><strong>2,</strong></span> <span class='ocrx_word' id='word_1_267' title='bbox 520 2555 552 2635; x_wconf 83' lang='lat'><strong>6,</strong></span> <span class='ocrx_word' id='word_1_268' title='bbox 576 2555 632 2619; x_wconf 86' lang='lat'><strong>14:</strong></span> <span class='ocrx_word' id='word_1_269' title='bbox 655 2554 778 2638; x_wconf 84' lang='lat' dir='ltr'><strong>„Magis</strong></span> <span class='ocrx_word' id='word_1_270' title='bbox 799 2562 885 2617; x_wconf 88' lang='lat' dir='ltr'><strong>esset</strong></span> <span class='ocrx_word' id='word_1_271' title='bbox 905 2552 1095 2636; x_wconf 89' lang='lat' dir='ltr'><strong>pudendum,</strong></span> <span class='ocrx_word' id='word_1_272' title='bbox 1117 2553 1144 2616; x_wconf 93' lang='lat' dir='ltr'><strong>si</strong></span> <span class='ocrx_word' id='word_1_273' title='bbox 1168 2554 1199 2615; x_wconf 95' lang='lat' dir='ltr'><strong>in</strong></span> <span class='ocrx_word' id='word_1_274' title='bbox 1222 2552 1382 2616; x_wconf 89' lang='lat' dir='ltr'><strong>sententia</strong></span> <span class='ocrx_word' id='word_1_275' title='bbox 1402 2554 1631 2634; x_wconf 86' lang='lat' dir='ltr'><strong>permaneres“.</strong></span> 
     </span>
    </p>

    <p class='ocr_par' dir='ltr' id='par_1_6' title="bbox 170 2652 1995 3546">
     <span class='ocr_line' id='line_1_23' title="bbox 272 2652 1992 2740; baseline -0.002 -16"><span class='ocrx_word' id='word_1_276' title='bbox 272 2658 454 2724; x_wconf 84' lang='lat' dir='ltr'><strong>infinitivus</strong></span> <span class='ocrx_word' id='word_1_277' title='bbox 475 2655 634 2721; x_wconf 90' lang='lat' dir='ltr'><strong>nonnullis</strong></span> <span class='ocrx_word' id='word_1_278' title='bbox 655 2656 770 2737; x_wconf 87' lang='lat' dir='ltr'><strong>verbis,</strong></span> <span class='ocrx_word' id='word_1_279' title='bbox 792 2675 875 2737; x_wconf 92' lang='lat' dir='ltr'><strong>qnae</strong></span> <span class='ocrx_word' id='word_1_280' title='bbox 897 2653 1061 2717; x_wconf 91' lang='lat' dir='ltr'><strong>consilium</strong></span> <span class='ocrx_word' id='word_1_281' title='bbox 1083 2652 1134 2718; x_wconf 94' lang='lat' dir='ltr'><strong>vel</strong></span> <span class='ocrx_word' id='word_1_282' title='bbox 1156 2653 1351 2717; x_wconf 88' lang='lat' dir='ltr'><strong>voluntatem</strong></span> <span class='ocrx_word' id='word_1_283' title='bbox 1374 2653 1563 2735; x_wconf 87' lang='lat' dir='ltr'><strong>significant,</strong></span> <span class='ocrx_word' id='word_1_284' title='bbox 1585 2655 1747 2733; x_wconf 85' lang='lat' dir='ltr'><strong>subicitur,</strong></span> <span class='ocrx_word' id='word_1_285' title='bbox 1768 2675 1823 2739; x_wconf 91' lang='lat' dir='ltr'><strong>pro</strong></span> <span class='ocrx_word' id='word_1_286' title='bbox 1846 2657 1992 2740; x_wconf 91' lang='lat' dir='ltr'><strong>conjunc·</strong></span> 
     </span>
     <span class='ocr_line' id='line_1_24' title="bbox 173 2752 1990 2840; baseline -0.001 -16"><span class='ocrx_word' id='word_1_287' title='bbox 173 2763 262 2825; x_wconf 87' lang='lat' dir='ltr'><strong>tione</strong></span> <span class='ocrx_word' id='word_1_288' title='bbox 292 2766 330 2822; x_wconf 90' lang='lat' dir='ltr'><strong>ut</strong></span> <span class='ocrx_word' id='word_1_289' title='bbox 352 2765 502 2838; x_wconf 88' lang='lat' dir='ltr'><strong>sequente</strong></span> <span class='ocrx_word' id='word_1_290' title='bbox 524 2755 740 2840; x_wconf 71' lang='lat' dir='ltr'><strong>conjunctivo.</strong></span> <span class='ocrx_word' id='word_1_291' title='bbox 784 2754 887 2820; x_wconf 87' lang='lat' dir='ltr'><strong>Confr.</strong></span> <span class='ocrx_word' id='word_1_292' title='bbox 910 2753 943 2819; x_wconf 89' lang='lat' dir='ltr'><strong>C.</strong></span> <span class='ocrx_word' id='word_1_293' title='bbox 967 2756 996 2832; x_wconf 93' lang='lat'><strong>1,</strong></span> <span class='ocrx_word' id='word_1_294' title='bbox 1018 2755 1047 2818; x_wconf 87' lang='lat'><strong>3.</strong></span> <span class='ocrx_word' id='word_1_295' title='bbox 1090 2752 1120 2819; x_wconf 84' lang='lat' dir='ltr'><strong>J.</strong></span> <span class='ocrx_word' id='word_1_296' title='bbox 1142 2756 1193 2834; x_wconf 81' lang='lat'><strong>24,</strong></span> <span class='ocrx_word' id='word_1_297' title='bbox 1214 2754 1245 2818; x_wconf 87' lang='grc'><strong>4.</strong></span> <span class='ocrx_word' id='word_1_298' title='bbox 1289 2752 1318 2817; x_wconf 89' lang='grc' dir='ltr'><strong>Ι.</strong></span> <span class='ocrx_word' id='word_1_299' title='bbox 1345 2754 1445 2832; x_wconf 86' lang='grc'>14,1.</span> <span class='ocrx_word' id='word_1_300' title='bbox 1488 2755 1517 2820; x_wconf 89' lang='lat' dir='ltr'><strong>J.</strong></span> <span class='ocrx_word' id='word_1_301' title='bbox 1540 2755 1590 2836; x_wconf 81' lang='lat'><strong>25,</strong></span> <span class='ocrx_word' id='word_1_302' title='bbox 1613 2759 1643 2823; x_wconf 84' lang='lat'><strong>9.</strong></span> <span class='ocrx_word' id='word_1_303' title='bbox 1686 2757 1738 2837; x_wconf 85' lang='grc'><strong>37,</strong></span> <span class='ocrx_word' id='word_1_304' title='bbox 1760 2758 1791 2821; x_wconf 81' lang='grc'>2.</span> <span class='ocrx_word' id='word_1_305' title='bbox 1834 2757 1864 2822; x_wconf 89' lang='grc' dir='ltr'>Ι.</span> <span class='ocrx_word' id='word_1_306' title='bbox 1886 2757 1938 2837; x_wconf 82' lang='grc'><strong>41,</strong></span> <span class='ocrx_word' id='word_1_307' title='bbox 1959 2758 1990 2822; x_wconf 81' lang='lat'><strong>2.</strong></span> 
     </span>
     <span class='ocr_line' id='line_1_25' title="bbox 173 2855 1995 2940; baseline -0.003 -14"><span class='ocrx_word' id='word_1_308' title='bbox 173 2859 207 2926; x_wconf 84' lang='lat' dir='ltr'><strong>G.</strong></span> <span class='ocrx_word' id='word_1_309' title='bbox 229 2857 281 2939; x_wconf 80' lang='lat'><strong>52,</strong></span> <span class='ocrx_word' id='word_1_310' title='bbox 303 2859 334 2924; x_wconf 91' lang='grc'>3.</span> <span class='ocrx_word' id='word_1_311' title='bbox 376 2856 405 2924; x_wconf 90' lang='lat' dir='ltr'><strong>J.</strong></span> <span class='ocrx_word' id='word_1_312' title='bbox 430 2858 521 2934; x_wconf 84' lang='lat'>19‚2</span> <span class='ocrx_word' id='word_1_313' title='bbox 550 2855 623 2922; x_wconf 91' lang='lat' dir='ltr'><strong>alia.</strong></span> <span class='ocrx_word' id='word_1_314' title='bbox 667 2856 757 2920; x_wconf 90' lang='lat' dir='ltr'><strong>Hanc</strong></span> <span class='ocrx_word' id='word_1_315' title='bbox 777 2855 901 2918; x_wconf 90' lang='lat' dir='ltr'><strong>dicendi</strong></span> <span class='ocrx_word' id='word_1_316' title='bbox 928 2856 1092 2934; x_wconf 89' lang='lat' dir='ltr'><strong>rationem,</strong></span> <span class='ocrx_word' id='word_1_317' title='bbox 1121 2876 1184 2938; x_wconf 89' lang='lat' dir='ltr'><strong>qua</strong></span> <span class='ocrx_word' id='word_1_318' title='bbox 1215 2855 1351 2919; x_wconf 86' lang='lat' dir='ltr'><strong>brevitas</strong></span> <span class='ocrx_word' id='word_1_319' title='bbox 1373 2855 1526 2938; x_wconf 88' lang='lat' dir='ltr'><strong>quaedam</strong></span> <span class='ocrx_word' id='word_1_320' title='bbox 1549 2857 1693 2935; x_wconf 82' lang='lat' dir='ltr'><strong>efficitur,</strong></span> <span class='ocrx_word' id='word_1_321' title='bbox 1716 2860 1783 2940; x_wconf 89' lang='lat' dir='ltr'><strong>jam</strong></span> <span class='ocrx_word' id='word_1_322' title='bbox 1805 2857 1915 2921; x_wconf 90' lang='lat' dir='ltr'><strong>comici</strong></span> <span class='ocrx_word' id='word_1_323' title='bbox 1938 2856 1995 2921; x_wconf 90' lang='lat' dir='ltr'><strong>ad·</strong></span> 
     </span>
     <span class='ocr_line' id='line_1_26' title="bbox 173 2955 1994 3044; baseline -0.002 -17"><span class='ocrx_word' id='word_1_324' title='bbox 173 2960 346 3027; x_wconf 85' lang='lat' dir='ltr'><strong>hibuerunt</strong></span> <span class='ocrx_word' id='word_1_325' title='bbox 366 2967 399 3024; x_wconf 87' lang='lat' dir='ltr'><strong>et</strong></span> <span class='ocrx_word' id='word_1_326' title='bbox 420 2959 461 3024; x_wconf 89' lang='lat' dir='ltr'><strong>ab</strong></span> <span class='ocrx_word' id='word_1_327' title='bbox 483 2957 534 3022; x_wconf 86' lang='lat' dir='ltr'><strong>his</strong></span> <span class='ocrx_word' id='word_1_328' title='bbox 556 2979 626 3022; x_wconf 87' lang='lat' dir='ltr'><strong>eam</strong></span> <span class='ocrx_word' id='word_1_329' title='bbox 648 2959 681 3020; x_wconf 93' lang='lat' dir='ltr'><strong>in</strong></span> <span class='ocrx_word' id='word_1_330' title='bbox 702 2976 876 3020; x_wconf 87' lang='lat' dir='ltr'><strong>sermonem</strong></span> <span class='ocrx_word' id='word_1_331' title='bbox 899 2955 1075 3039; x_wconf 89' lang='lat' dir='ltr'><strong>pedestrem</strong></span> <span class='ocrx_word' id='word_1_332' title='bbox 1098 2955 1214 3019; x_wconf 89' lang='lat' dir='ltr'><strong>abiisse</strong></span> <span class='ocrx_word' id='word_1_333' title='bbox 1236 2958 1365 3039; x_wconf 88' lang='lat' dir='ltr'><strong>cogitari</strong></span> <span class='ocrx_word' id='word_1_334' title='bbox 1390 2957 1514 3040; x_wconf 86' lang='lat' dir='ltr'><strong>quidem</strong></span> <span class='ocrx_word' id='word_1_335' title='bbox 1536 2969 1649 3044; x_wconf 89' lang='lat' dir='ltr'><strong>potest.</strong></span> <span class='ocrx_word' id='word_1_336' title='bbox 1699 2958 1760 3024; x_wconf 88' lang='lat' dir='ltr'><strong>Sed</strong></span> <span class='ocrx_word' id='word_1_337' title='bbox 1782 2979 1822 3023; x_wconf 94' lang='lat' dir='ltr'><strong>ne</strong></span> <span class='ocrx_word' id='word_1_338' title='bbox 1844 2967 1994 3042; x_wconf 90' lang='lat' dir='ltr'><strong>punctum</strong></span> 
     </span>
     <span class='ocr_line' id='line_1_27' title="bbox 172 3055 1993 3148; baseline -0.002 -21"><span class='ocrx_word' id='word_1_339' title='bbox 172 3060 300 3148; x_wconf 73' lang='lat' dir='ltr'><strong>quidem</strong></span> <span class='ocrx_word' id='word_1_340' title='bbox 329 3059 562 3144; x_wconf 86' lang='lat' dir='ltr'><strong>probabilitatis</strong></span> <span class='ocrx_word' id='word_1_341' title='bbox 588 3057 762 3141; x_wconf 89' lang='lat' dir='ltr'><strong>Herzogius</strong></span> <span class='ocrx_word' id='word_1_342' title='bbox 789 3055 894 3138; x_wconf 83' lang='lat' dir='ltr'><strong>affert,</strong></span> <span class='ocrx_word' id='word_1_343' title='bbox 923 3058 977 3140; x_wconf 91' lang='lat' dir='ltr'><strong>qui</strong></span> <span class='ocrx_word' id='word_1_344' title='bbox 1002 3055 1101 3121; x_wconf 90' lang='lat' dir='ltr'><strong>verba</strong></span> <span class='ocrx_word' id='word_1_345' title='bbox 1128 3065 1317 3140; x_wconf 88' lang='lat' dir='ltr'><strong>„maturare,</strong></span> <span class='ocrx_word' id='word_1_346' title='bbox 1346 3079 1544 3143; x_wconf 91' lang='lat' dir='ltr'><strong>prosperare,</strong></span> <span class='ocrx_word' id='word_1_347' title='bbox 1570 3061 1744 3125; x_wconf 85' lang='lat' dir='ltr'><strong>festinare“</strong></span> <span class='ocrx_word' id='word_1_348' title='bbox 1774 3059 1993 3125; x_wconf 90' lang='lat' dir='ltr'><strong>adverbiorum</strong></span> 
     </span>
     <span class='ocr_line' id='line_1_28' title="bbox 171 3156 1994 3247; baseline -0.001 -18"><span class='ocrx_word' id='word_1_349' title='bbox 171 3161 240 3229; x_wconf 90' lang='lat' dir='ltr'><strong>loco</strong></span> <span class='ocrx_word' id='word_1_350' title='bbox 263 3163 368 3247; x_wconf 88' lang='lat' dir='ltr'><strong>posita</strong></span> <span class='ocrx_word' id='word_1_351' title='bbox 388 3160 577 3226; x_wconf 87' lang='lat' dir='ltr'><strong>Graecorum</strong></span> <span class='ocrx_word' id='word_1_352' title='bbox 607 3158 645 3223; x_wconf 95' lang='lat' dir='ltr'><strong>ad</strong></span> <span class='ocrx_word' id='word_1_353' title='bbox 676 3158 856 3240; x_wconf 80' lang='lat' dir='ltr'><strong>analogiam</strong></span> <span class='ocrx_word' id='word_1_354' title='bbox 884 3163 1047 3240; x_wconf 63' lang='lat' dir='ltr'><strong>„oixopaa</strong></span> <span class='ocrx_word' id='word_1_355' title='bbox 1070 3156 1227 3242; x_wconf 71' lang='grc' dir='ltr'><strong>φθνᾰνω,</strong></span> <span class='ocrx_word' id='word_1_356' title='bbox 1250 3158 1423 3224; x_wconf 67' lang='lat' dir='ltr'><strong>dicicitur</strong></span> <span class='ocrx_word' id='word_1_357' title='bbox 1446 3160 1641 3226; x_wconf 88' lang='lat' dir='ltr'><strong>conformata</strong></span> <span class='ocrx_word' id='word_1_358' title='bbox 1662 3180 1732 3225; x_wconf 87' lang='lat' dir='ltr'><strong>esse</strong></span> <span class='ocrx_word' id='word_1_359' title='bbox 1755 3168 1872 3226; x_wconf 82' lang='lat' dir='ltr'><strong>monet.</strong></span> <span class='ocrx_word' id='word_1_360' title='bbox 1915 3162 1994 3228; x_wconf 87' lang='lat' dir='ltr'><strong>Earn</strong></span> 
     </span>
     <span class='ocr_line' id='line_1_29' title="bbox 172 3259 1992 3348; baseline -0.001 -20"><span class='ocrx_word' id='word_1_361' title='bbox 172 3265 363 3328; x_wconf 88' lang='lat' dir='ltr'><strong>sententiam</strong></span> <span class='ocrx_word' id='word_1_362' title='bbox 385 3261 507 3348; x_wconf 86' lang='lat' dir='ltr'><strong>Dolega</strong></span> <span class='ocrx_word' id='word_1_363' title='bbox 528 3270 561 3326; x_wconf 90' lang='lat' dir='ltr'><strong>et</strong></span> <span class='ocrx_word' id='word_1_364' title='bbox 585 3260 733 3325; x_wconf 87' lang='lat' dir='ltr'><strong>Lawsius</strong></span> <span class='ocrx_word' id='word_1_365' title='bbox 755 3267 838 3324; x_wconf 89' lang='lat' dir='ltr'><strong>recte</strong></span> <span class='ocrx_word' id='word_1_366' title='bbox 860 3263 1040 3344; x_wconf 90' lang='lat' dir='ltr'><strong>rejecerunt.</strong></span> <span class='ocrx_word' id='word_1_367' title='bbox 1072 3261 1152 3325; x_wconf 89' lang='lat' dir='ltr'><strong>Nam</strong></span> <span class='ocrx_word' id='word_1_368' title='bbox 1174 3282 1269 3345; x_wconf 91' lang='lat' dir='ltr'><strong>qnnm</strong></span> <span class='ocrx_word' id='word_1_369' title='bbox 1291 3261 1390 3326; x_wconf 89' lang='lat' dir='ltr'><strong>verba</strong></span> <span class='ocrx_word' id='word_1_370' title='bbox 1410 3264 1575 3341; x_wconf 58' lang='lat' dir='ltr'><strong>..vigeriae</strong></span> <span class='ocrx_word' id='word_1_371' title='bbox 1597 3259 1725 3346; x_wconf 70' lang='lat' dir='ltr'><strong>porea</strong></span> <span class='ocrx_word' id='word_1_372' title='bbox 1747 3270 1806 3328; x_wconf 88' lang='lat' dir='ltr'><strong>etc.</strong></span> <span class='ocrx_word' id='word_1_373' title='bbox 1830 3264 1992 3348; x_wconf 88' lang='lat' dir='ltr'><strong>participio</strong></span> 
     </span>
     <span class='ocr_line' id='line_1_30' title="bbox 170 3362 1993 3449; baseline -0.001 -18"><span class='ocrx_word' id='word_1_374' title='bbox 170 3370 384 3443; x_wconf 76' lang='lat' dir='ltr'><strong>annectantur,</strong></span> <span class='ocrx_word' id='word_1_375' title='bbox 414 3362 511 3427; x_wconf 91' lang='lat' dir='ltr'><strong>verba</strong></span> <span class='ocrx_word' id='word_1_376' title='bbox 539 3383 635 3440; x_wconf 86' lang='lat' dir='ltr'><strong>„vero</strong></span> <span class='ocrx_word' id='word_1_377' title='bbox 658 3372 826 3445; x_wconf 91' lang='lat' dir='ltr'><strong>maturare,</strong></span> <span class='ocrx_word' id='word_1_378' title='bbox 857 3362 1006 3427; x_wconf 84' lang='lat' dir='ltr'><strong>festinare</strong></span> <span class='ocrx_word' id='word_1_379' title='bbox 1028 3365 1109 3427; x_wconf 90' lang='lat' dir='ltr'><strong>etc.“</strong></span> <span class='ocrx_word' id='word_1_380' title='bbox 1131 3363 1288 3429; x_wconf 88' lang='lat' dir='ltr'><strong>infinitivo</strong></span> <span class='ocrx_word' id='word_1_381' title='bbox 1311 3363 1515 3444; x_wconf 89' lang='lat' dir='ltr'><strong>subiciantur,</strong></span> <span class='ocrx_word' id='word_1_382' title='bbox 1537 3384 1601 3428; x_wconf 94' lang='lat' dir='ltr'><strong>non</strong></span> <span class='ocrx_word' id='word_1_383' title='bbox 1623 3364 1702 3428; x_wconf 90' lang='lat' dir='ltr'><strong>satis</strong></span> <span class='ocrx_word' id='word_1_384' title='bbox 1730 3363 1842 3446; x_wconf 90' lang='lat' dir='ltr'><strong>elucet,</strong></span> <span class='ocrx_word' id='word_1_385' title='bbox 1870 3385 1932 3449; x_wconf 89' lang='lat' dir='ltr'><strong>qua</strong></span> <span class='ocrx_word' id='word_1_386' title='bbox 1960 3366 1993 3429; x_wconf 91' lang='lat' dir='ltr'><strong>in</strong></span> 
     </span>
     <span class='ocr_line' id='line_1_31' title="bbox 173 3462 579 3546; baseline -0.01 -16"><span class='ocrx_word' id='word_1_387' title='bbox 173 3487 207 3532; x_wconf 89' lang='lat' dir='ltr'><strong>re</strong></span> <span class='ocrx_word' id='word_1_388' title='bbox 228 3462 377 3546; x_wconf 87' lang='lat' dir='ltr'><strong>analogia</strong></span> <span class='ocrx_word' id='word_1_389' title='bbox 398 3462 579 3526; x_wconf 83' lang='lat' dir='ltr'><strong>intercedat</strong></span> 
     </span>
    </p>

    <p class='ocr_par' dir='ltr' id='par_1_7' title="bbox 173 3551 2000 4256">
     <span class='ocr_line' id='line_1_32' title="bbox 274 3551 1997 3652; baseline -0.001 -21"><span class='ocrx_word' id='word_1_390' title='bbox 274 3563 468 3630; x_wconf 90' lang='lat' dir='ltr'><strong>Insolentius</strong></span> <span class='ocrx_word' id='word_1_391' title='bbox 489 3561 649 3644; x_wconf 89' lang='lat' dir='ltr'><strong>aliquanto</strong></span> <span class='ocrx_word' id='word_1_392' title='bbox 670 3564 850 3630; x_wconf 83' lang='lat' dir='ltr'><strong>infinitivus</strong></span> <span class='ocrx_word' id='word_1_393' title='bbox 872 3586 891 3630; x_wconf 98' lang='lat' dir='ltr'><strong>a</strong></span> <span class='ocrx_word' id='word_1_394' title='bbox 913 3565 1113 3632; x_wconf 88' lang='lat' dir='ltr'><strong>substantivo</strong></span> <span class='ocrx_word' id='word_1_395' title='bbox 1134 3566 1273 3652; x_wconf 91' lang='lat' dir='ltr'><strong>pendens</strong></span> <span class='ocrx_word' id='word_1_396' title='bbox 1303 3570 1481 3649; x_wconf 88' lang='lat' dir='ltr'><strong>usurpatur.</strong></span> <span class='ocrx_word' id='word_1_397' title='bbox 1524 3564 1656 3650; x_wconf 89' lang='lat' dir='ltr'><strong>Legitur</strong></span> <span class='ocrx_word' id='word_1_398' title='bbox 1677 3566 1744 3632; x_wconf 84' lang='lat' dir='ltr'><strong>Cat</strong></span> <span class='ocrx_word' id='word_1_399' title='bbox 1767 3551 1817 3648; x_wconf 81' lang='grc' dir='ltr'><strong>ΙΙ,</strong></span> <span class='ocrx_word' id='word_1_400' title='bbox 1846 3566 1883 3630; x_wconf 85' lang='grc'><strong>6;</strong></span> <span class='ocrx_word' id='word_1_401' title='bbox 1907 3566 1997 3650; x_wconf 90' lang='lat' dir='ltr'><strong>„qui-</strong></span> 
     </span>
     <span class='ocr_line' id='line_1_33' title="bbox 173 3663 1997 3753; baseline -0.001 -21"><span class='ocrx_word' id='word_1_402' title='bbox 173 3663 238 3732; x_wconf 89' lang='lat' dir='ltr'><strong>bus</strong></span> <span class='ocrx_word' id='word_1_403' title='bbox 258 3701 300 3714; x_wconf 92' lang='lat'>—</span> <span class='ocrx_word' id='word_1_404' title='bbox 321 3666 430 3731; x_wconf 91' lang='lat' dir='ltr'><strong>vivere</strong></span> <span class='ocrx_word' id='word_1_405' title='bbox 451 3664 540 3747; x_wconf 88' lang='lat' dir='ltr'><strong>copia</strong></span> <span class='ocrx_word' id='word_1_406' title='bbox 562 3666 660 3727; x_wconf 75' lang='lat' dir='ltr'><strong>erat‘.</strong></span> <span class='ocrx_word' id='word_1_407' title='bbox 702 3664 768 3728; x_wconf 85' lang='lat' dir='ltr'><strong>Cat.</strong></span> <span class='ocrx_word' id='word_1_408' title='bbox 790 3667 842 3750; x_wconf 90' lang='grc'><strong>30,</strong></span> <span class='ocrx_word' id='word_1_409' title='bbox 864 3669 899 3734; x_wconf 85' lang='lat'><strong>4:</strong></span> <span class='ocrx_word' id='word_1_410' title='bbox 921 3667 1057 3753; x_wconf 83' lang='lat' dir='ltr'><strong>..quibus</strong></span> <span class='ocrx_word' id='word_1_411' title='bbox 1078 3671 1185 3734; x_wconf 90' lang='lat' dir='ltr'><strong>omnia</strong></span> <span class='ocrx_word' id='word_1_412' title='bbox 1206 3666 1342 3731; x_wconf 90' lang='lat' dir='ltr'><strong>vendere</strong></span> <span class='ocrx_word' id='word_1_413' title='bbox 1364 3687 1431 3732; x_wconf 86' lang='lat' dir='ltr'><strong>uros</strong></span> <span class='ocrx_word' id='word_1_414' title='bbox 1454 3668 1552 3732; x_wconf 88' lang='lat' dir='ltr'><strong>erat“.</strong></span> <span class='ocrx_word' id='word_1_415' title='bbox 1596 3667 1667 3751; x_wconf 88' lang='lat' dir='ltr'><strong>Jug.</strong></span> <span class='ocrx_word' id='word_1_416' title='bbox 1690 3669 1719 3737; x_wconf 84' lang='lat'><strong>3.</strong></span> <span class='ocrx_word' id='word_1_417' title='bbox 1741 3668 1775 3731; x_wconf 86' lang='lat'><strong>4:</strong></span> <span class='ocrx_word' id='word_1_418' title='bbox 1806 3667 1893 3747; x_wconf 86' lang='lat' dir='ltr'><strong>„Nisi</strong></span> <span class='ocrx_word' id='word_1_419' title='bbox 1913 3664 1997 3731; x_wconf 79' lang='lat' dir='ltr'><strong>forte</strong></span> 
     </span>
     <span class='ocr_line' id='line_1_34' title="bbox 176 3763 2000 3853; baseline 0 -21"><span class='ocrx_word' id='word_1_420' title='bbox 176 3786 271 3853; x_wconf 90' lang='lat' dir='ltr'><strong>quem</strong></span> <span class='ocrx_word' id='word_1_421' title='bbox 284 3764 437 3829; x_wconf 89' lang='lat' dir='ltr'><strong>-libido</strong></span> <span class='ocrx_word' id='word_1_422' title='bbox 453 3773 539 3830; x_wconf 91' lang='lat' dir='ltr'><strong>tenet</strong></span> <span class='ocrx_word' id='word_1_423' title='bbox 551 3763 730 3848; x_wconf 85' lang='lat' dir='ltr'><strong>gratificari.</strong></span> <span class='ocrx_word' id='word_1_424' title='bbox 751 3766 824 3850; x_wconf 85' lang='lat' dir='ltr'><strong>Jug.</strong></span> <span class='ocrx_word' id='word_1_425' title='bbox 848 3769 919 3851; x_wconf 80' lang='lat'><strong>102,</strong></span> <span class='ocrx_word' id='word_1_426' title='bbox 941 3772 975 3836; x_wconf 82' lang='lat'><strong>5:</strong></span> <span class='ocrx_word' id='word_1_427' title='bbox 998 3770 1114 3851; x_wconf 89' lang='lat' dir='ltr'><strong>„simul</strong></span> <span class='ocrx_word' id='word_1_428' title='bbox 1128 3770 1220 3835; x_wconf 93' lang='lat' dir='ltr'><strong>nobis</strong></span> <span class='ocrx_word' id='word_1_429' title='bbox 1234 3767 1375 3833; x_wconf 87' lang='lat' dir='ltr'><strong>demeres</strong></span> <span class='ocrx_word' id='word_1_430' title='bbox 1389 3765 1534 3832; x_wconf 89' lang='lat' dir='ltr'><strong>acerbam</strong></span> <span class='ocrx_word' id='word_1_431' title='bbox 1549 3767 1811 3833; x_wconf 88' lang='lat' dir='ltr'><strong>necessitudinem</strong></span> <span class='ocrx_word' id='word_1_432' title='bbox 1832 3804 1874 3816; x_wconf 94' lang='lat'><em>-</em></span> <span class='ocrx_word' id='word_1_433' title='bbox 1894 3788 2000 3851; x_wconf 88' lang='lat' dir='ltr'><strong>perse·</strong></span> 
     </span>
     <span class='ocr_line' id='line_1_35' title="bbox 176 3864 1996 3956; baseline 0.002 -24"><span class='ocrx_word' id='word_1_434' title='bbox 176 3869 263 3954; x_wconf 85' lang='lat' dir='ltr'><strong>qui“.</strong></span> <span class='ocrx_word' id='word_1_435' title='bbox 297 3864 392 3931; x_wconf 86' lang='lat' dir='ltr'><strong>Tales</strong></span> <span class='ocrx_word' id='word_1_436' title='bbox 415 3869 672 3948; x_wconf 86' lang='lat' dir='ltr'><strong>constructiones,</strong></span> <span class='ocrx_word' id='word_1_437' title='bbox 695 3870 809 3953; x_wconf 85' lang='lat' dir='ltr'><strong>quippe</strong></span> <span class='ocrx_word' id='word_1_438' title='bbox 829 3892 907 3952; x_wconf 90' lang='lat' dir='ltr'><strong>quas</strong></span> <span class='ocrx_word' id='word_1_439' title='bbox 929 3871 982 3936; x_wconf 90' lang='lat' dir='ltr'><strong>alii</strong></span> <span class='ocrx_word' id='word_1_440' title='bbox 998 3892 1122 3956; x_wconf 90' lang='lat' dir='ltr'><strong>quoque</strong></span> <span class='ocrx_word' id='word_1_441' title='bbox 1143 3871 1310 3953; x_wconf 86' lang='lat' dir='ltr'><strong>scriptores</strong></span> <span class='ocrx_word' id='word_1_442' title='bbox 1325 3867 1408 3933; x_wconf 90' lang='lat' dir='ltr'><strong>haud</strong></span> <span class='ocrx_word' id='word_1_443' title='bbox 1424 3889 1494 3933; x_wconf 91' lang='lat' dir='ltr'><strong>raro</strong></span> <span class='ocrx_word' id='word_1_444' title='bbox 1510 3868 1701 3951; x_wconf 84' lang='lat' dir='ltr'><strong>admiserint,</strong></span> <span class='ocrx_word' id='word_1_445' title='bbox 1723 3890 1785 3954; x_wconf 93' lang='lat' dir='ltr'><strong>quo</strong></span> <span class='ocrx_word' id='word_1_446' title='bbox 1804 3870 1873 3953; x_wconf 88' lang='lat' dir='ltr'><strong>jure</strong></span> <span class='ocrx_word' id='word_1_447' title='bbox 1888 3867 1996 3955; x_wconf 94' lang='lat' dir='ltr'><strong>Poppo</strong></span> 
     </span>
     <span class='ocr_line' id='line_1_36' title="bbox 179 3964 1998 4059; baseline 0.001 -25"><span class='ocrx_word' id='word_1_448' title='bbox 179 3966 357 4049; x_wconf 78' lang='lat' dir='ltr'><strong>Thucydidi</strong></span> <span class='ocrx_word' id='word_1_449' title='bbox 378 3964 530 4045; x_wconf 86' lang='lat' dir='ltr'><strong>tribuerit,</strong></span> <span class='ocrx_word' id='word_1_450' title='bbox 552 3989 615 4033; x_wconf 92' lang='lat' dir='ltr'><strong>non</strong></span> <span class='ocrx_word' id='word_1_451' title='bbox 630 3967 852 4054; x_wconf 88' lang='lat' dir='ltr'><strong>intellegimus.</strong></span> <span class='ocrx_word' id='word_1_452' title='bbox 887 3970 993 4056; x_wconf 85' lang='lat' dir='ltr'><strong>Neque</strong></span> <span class='ocrx_word' id='word_1_453' title='bbox 1009 3975 1111 4059; x_wconf 91' lang='lat' dir='ltr'><strong>magis</strong></span> <span class='ocrx_word' id='word_1_454' title='bbox 1131 3973 1225 4039; x_wconf 90' lang='lat' dir='ltr'><strong>fidem</strong></span> <span class='ocrx_word' id='word_1_455' title='bbox 1248 3971 1329 4034; x_wconf 88' lang='lat' dir='ltr'><strong>idem</strong></span> <span class='ocrx_word' id='word_1_456' title='bbox 1345 3973 1394 4035; x_wconf 91' lang='lat' dir='ltr'><strong>vir</strong></span> <span class='ocrx_word' id='word_1_457' title='bbox 1408 3970 1609 4048; x_wconf 88' lang='lat' dir='ltr'><strong>doctissimus</strong></span> <span class='ocrx_word' id='word_1_458' title='bbox 1623 3971 1684 4035; x_wconf 90' lang='lat' dir='ltr'><strong>sibi</strong></span> <span class='ocrx_word' id='word_1_459' title='bbox 1700 3968 1862 4036; x_wconf 90' lang='lat' dir='ltr'><strong>conciliare</strong></span> <span class='ocrx_word' id='word_1_460' title='bbox 1884 3979 1998 4054; x_wconf 82' lang='lat' dir='ltr'><strong>potest,</strong></span> 
     </span>
     <span class='ocr_line' id='line_1_37' title="bbox 178 4064 1999 4159; baseline 0.002 -25"><span class='ocrx_word' id='word_1_461' title='bbox 178 4090 275 4154; x_wconf 87' lang='lat' dir='ltr'><strong>quum</strong></span> <span class='ocrx_word' id='word_1_462' title='bbox 296 4087 390 4133; x_wconf 90' lang='lat' dir='ltr'><strong>usum</strong></span> <span class='ocrx_word' id='word_1_463' title='bbox 404 4064 551 4131; x_wconf 91' lang='lat' dir='ltr'><strong>vocabuli</strong></span> <span class='ocrx_word' id='word_1_464' title='bbox 573 4069 734 4148; x_wconf 84' lang='lat' dir='ltr'><strong>„seilicet“</strong></span> <span class='ocrx_word' id='word_1_465' title='bbox 757 4093 826 4136; x_wconf 88' lang='lat' dir='ltr'><strong>curn</strong></span> <span class='ocrx_word' id='word_1_466' title='bbox 849 4071 1007 4138; x_wconf 89' lang='lat' dir='ltr'><strong>infinitivo</strong></span> <span class='ocrx_word' id='word_1_467' title='bbox 1022 4077 1177 4159; x_wconf 85' lang='lat' dir='ltr'><strong>conjuncti</strong></span> <span class='ocrx_word' id='word_1_468' title='bbox 1194 4071 1345 4138; x_wconf 87' lang='lat' dir='ltr'><strong>Graecum</strong></span> <span class='ocrx_word' id='word_1_469' title='bbox 1361 4092 1432 4137; x_wconf 88' lang='lat' dir='ltr'><strong>esse</strong></span> <span class='ocrx_word' id='word_1_470' title='bbox 1445 4074 1567 4137; x_wconf 85' lang='lat' dir='ltr'><strong>statuit.</strong></span> <span class='ocrx_word' id='word_1_471' title='bbox 1610 4071 1723 4135; x_wconf 83' lang='lat' dir='ltr'><strong>Vocem</strong></span> <span class='ocrx_word' id='word_1_472' title='bbox 1739 4073 1823 4136; x_wconf 91' lang='lat' dir='ltr'><strong>enim</strong></span> <span class='ocrx_word' id='word_1_473' title='bbox 1837 4070 1999 4154; x_wconf 87' lang='lat' dir='ltr'><strong>‚,scilioet“</strong></span> 
     </span>
     <span class='ocr_line' id='line_1_38' title="bbox 173 4165 1209 4256; baseline 0.004 -20"><span class='ocrx_word' id='word_1_474' title='bbox 173 4173 242 4256; x_wconf 87' lang='lat' dir='ltr'><strong>jam</strong></span> <span class='ocrx_word' id='word_1_475' title='bbox 266 4169 434 4234; x_wconf 86' lang='lat' dir='ltr'><strong>Varronem</strong></span> <span class='ocrx_word' id='word_1_476' title='bbox 456 4165 614 4232; x_wconf 88' lang='lat' dir='ltr'><strong>infinitivo</strong></span> <span class='ocrx_word' id='word_1_477' title='bbox 636 4172 809 4238; x_wconf 89' lang='lat' dir='ltr'><strong>subiecisse</strong></span> <span class='ocrx_word' id='word_1_478' title='bbox 830 4172 955 4239; x_wconf 81' lang='lat' dir='ltr'><strong>Curtius</strong></span> <span class='ocrx_word' id='word_1_479' title='bbox 977 4176 1209 4240; x_wconf 87' lang='lat' dir='ltr'><strong>animadvertit.</strong></span> 
     </span>
    </p>

    <p class='ocr_par' dir='ltr' id='par_1_8' title="bbox 178 4267 2003 4767">
     <span class='ocr_line' id='line_1_39' title="bbox 280 4267 1999 4362; baseline 0.002 -26"><span class='ocrx_word' id='word_1_480' title='bbox 280 4269 324 4336; x_wconf 91' lang='lat' dir='ltr'><strong>Ut</strong></span> <span class='ocrx_word' id='word_1_481' title='bbox 344 4289 445 4353; x_wconf 90' lang='lat' dir='ltr'><strong>pauca</strong></span> <span class='ocrx_word' id='word_1_482' title='bbox 467 4267 506 4332; x_wconf 92' lang='lat' dir='ltr'><strong>de</strong></span> <span class='ocrx_word' id='word_1_483' title='bbox 526 4270 689 4353; x_wconf 85' lang='lat' dir='ltr'><strong>participio</strong></span> <span class='ocrx_word' id='word_1_484' title='bbox 711 4273 915 4359; x_wconf 84' lang='lat' dir='ltr'><strong>disputemus,</strong></span> <span class='ocrx_word' id='word_1_485' title='bbox 942 4278 1122 4360; x_wconf 90' lang='lat' dir='ltr'><strong>genetivum</strong></span> <span class='ocrx_word' id='word_1_486' title='bbox 1150 4276 1305 4362; x_wconf 88' lang='lat' dir='ltr'><strong>participii</strong></span> <span class='ocrx_word' id='word_1_487' title='bbox 1333 4274 1430 4339; x_wconf 79' lang='lat' dir='ltr'><strong>futuri</strong></span> <span class='ocrx_word' id='word_1_488' title='bbox 1451 4272 1573 4358; x_wconf 90' lang='lat' dir='ltr'><strong>passivi</strong></span> <span class='ocrx_word' id='word_1_489' title='bbox 1593 4272 1777 4356; x_wconf 88' lang='lat' dir='ltr'><strong>saepissime</strong></span> <span class='ocrx_word' id='word_1_490' title='bbox 1798 4273 1999 4340; x_wconf 90' lang='lat' dir='ltr'><strong>substantivo</strong></span> 
     </span>
     <span class='ocr_line' id='line_1_40' title="bbox 180 4368 2001 4461; baseline 0.004 -27"><span class='ocrx_word' id='word_1_491' title='bbox 180 4368 354 4435; x_wconf 85' lang='lat' dir='ltr'><strong>subnexum</strong></span> <span class='ocrx_word' id='word_1_492' title='bbox 385 4368 530 4453; x_wconf 88' lang='lat' dir='ltr'><strong>legimns.</strong></span> <span class='ocrx_word' id='word_1_493' title='bbox 561 4369 622 4449; x_wconf 85' lang='lat' dir='ltr'><strong>Qui</strong></span> <span class='ocrx_word' id='word_1_494' title='bbox 650 4376 816 4456; x_wconf 90' lang='lat' dir='ltr'><strong>genetivus</strong></span> <span class='ocrx_word' id='word_1_495' title='bbox 845 4376 884 4442; x_wconf 90' lang='lat' dir='ltr'><strong>ad</strong></span> <span class='ocrx_word' id='word_1_496' title='bbox 906 4376 1135 4461; x_wconf 88' lang='lat' dir='ltr'><strong>designandum</strong></span> <span class='ocrx_word' id='word_1_497' title='bbox 1163 4378 1258 4442; x_wconf 88' lang='lat' dir='ltr'><strong>finem</strong></span> <span class='ocrx_word' id='word_1_498' title='bbox 1286 4376 1338 4441; x_wconf 92' lang='lat' dir='ltr'><strong>vel</strong></span> <span class='ocrx_word' id='word_1_499' title='bbox 1367 4374 1531 4441; x_wconf 89' lang='lat' dir='ltr'><strong>consilinm</strong></span> <span class='ocrx_word' id='word_1_500' title='bbox 1555 4383 1722 4458; x_wconf 90' lang='lat' dir='ltr'><strong>usurpatus</strong></span> <span class='ocrx_word' id='word_1_501' title='bbox 1743 4391 1801 4440; x_wconf 84' lang='lat' dir='ltr'><strong>est</strong></span> <span class='ocrx_word' id='word_1_502' title='bbox 1834 4374 1938 4440; x_wconf 85' lang='lat' dir='ltr'><strong>Gonlr.</strong></span> <span class='ocrx_word' id='word_1_503' title='bbox 1960 4374 2001 4441; x_wconf 90' lang='grc' dir='ltr'>Η.</span> 
     </span>
     <span class='ocr_line' id='line_1_41' title="bbox 181 4470 2002 4561; baseline 0.003 -24"><span class='ocrx_word' id='word_1_504' title='bbox 181 4474 211 4551; x_wconf 89' lang='grc'><strong>1,</strong></span> <span class='ocrx_word' id='word_1_505' title='bbox 231 4470 285 4548; x_wconf 77' lang='lat'><strong>45,</strong></span> <span class='ocrx_word' id='word_1_506' title='bbox 306 4471 343 4536; x_wconf 87' lang='lat'><strong>8:</strong></span> <span class='ocrx_word' id='word_1_507' title='bbox 363 4473 493 4552; x_wconf 88' lang='lat' dir='ltr'><strong>„omnia</strong></span> <span class='ocrx_word' id='word_1_508' title='bbox 522 4473 703 4537; x_wconf 88' lang='lat' dir='ltr'><strong>retinendae</strong></span> <span class='ocrx_word' id='word_1_509' title='bbox 736 4475 959 4544; x_wconf 88' lang='lat' dir='ltr'><strong>dominationis</strong></span> <span class='ocrx_word' id='word_1_510' title='bbox 981 4477 1115 4543; x_wconf 87' lang='lat' dir='ltr'><strong>honesta</strong></span> <span class='ocrx_word' id='word_1_511' title='bbox 1136 4481 1314 4544; x_wconf 88' lang='lat' dir='ltr'><strong>aestimet“.</strong></span> <span class='ocrx_word' id='word_1_512' title='bbox 1354 4480 1383 4559; x_wconf 94' lang='grc'><strong>1,</strong></span> <span class='ocrx_word' id='word_1_513' title='bbox 1410 4482 1462 4558; x_wconf 82' lang='lat' dir='ltr'><strong>bl,</strong></span> <span class='ocrx_word' id='word_1_514' title='bbox 1492 4480 1526 4545; x_wconf 84' lang='lat'><strong>3:</strong></span> <span class='ocrx_word' id='word_1_515' title='bbox 1556 4477 1747 4558; x_wconf 86' lang='lat' dir='ltr'><strong>„exercitum</strong></span> <span class='ocrx_word' id='word_1_516' title='bbox 1777 4474 2002 4561; x_wconf 84' lang='lat' dir='ltr'><strong>opprimundae</strong></span> 
     </span>
     <span class='ocr_line' id='line_1_42' title="bbox 180 4568 2003 4667; baseline 0.004 -31"><span class='ocrx_word' id='word_1_517' title='bbox 180 4569 336 4636; x_wconf 76' lang='lat' dir='ltr'><strong>libertatis</strong></span> <span class='ocrx_word' id='word_1_518' title='bbox 357 4568 471 4649; x_wconf 90' lang='lat' dir='ltr'><strong>habet;</strong></span> <span class='ocrx_word' id='word_1_519' title='bbox 500 4572 542 4638; x_wconf 92' lang='lat' dir='ltr'><strong>ib.</strong></span> <span class='ocrx_word' id='word_1_520' title='bbox 565 4576 600 4638; x_wconf 92' lang='lat'><strong>6:</strong></span> <span class='ocrx_word' id='word_1_521' title='bbox 634 4596 751 4658; x_wconf 91' lang='lat' dir='ltr'><strong>„quum</strong></span> <span class='ocrx_word' id='word_1_522' title='bbox 775 4580 901 4660; x_wconf 87' lang='lat' dir='ltr'><strong>privata</strong></span> <span class='ocrx_word' id='word_1_523' title='bbox 922 4602 1011 4645; x_wconf 83' lang='lat' dir='ltr'><strong>arina</strong></span> <span class='ocrx_word' id='word_1_524' title='bbox 1032 4579 1256 4667; x_wconf 87' lang='lat' dir='ltr'><strong>opprimundae</strong></span> <span class='ocrx_word' id='word_1_525' title='bbox 1276 4581 1433 4645; x_wconf 88' lang='lat' dir='ltr'><strong>libertatis</strong></span> <span class='ocrx_word' id='word_1_526' title='bbox 1449 4581 1613 4664; x_wconf 84' lang='lat' dir='ltr'><strong>cepisset“,</strong></span> <span class='ocrx_word' id='word_1_527' title='bbox 1634 4577 1678 4644; x_wconf 92' lang='lat' dir='ltr'><strong>ib.</strong></span> <span class='ocrx_word' id='word_1_528' title='bbox 1702 4579 1757 4644; x_wconf 87' lang='lat'><strong>10:</strong></span> <span class='ocrx_word' id='word_1_529' title='bbox 1791 4598 1902 4660; x_wconf 90' lang='lat' dir='ltr'><strong>„arma</strong></span> <span class='ocrx_word' id='word_1_530' title='bbox 1921 4579 2003 4663; x_wconf 85' lang='lat' dir='ltr'><strong>cepit</strong></span> 
     </span>
     <span class='ocr_line' id='line_1_43' title="bbox 178 4668 1291 4767; baseline 0.017 -33"><span class='ocrx_word' id='word_1_531' title='bbox 178 4668 284 4756; x_wconf 85' lang='lat' dir='ltr'><strong>legum</strong></span> <span class='ocrx_word' id='word_1_532' title='bbox 314 4691 351 4736; x_wconf 89' lang='lat' dir='ltr'><strong>ac</strong></span> <span class='ocrx_word' id='word_1_533' title='bbox 372 4669 528 4739; x_wconf 84' lang='lat' dir='ltr'><strong>libertatis</strong></span> <span class='ocrx_word' id='word_1_534' title='bbox 549 4674 804 4741; x_wconf 84' lang='lat' dir='ltr'><strong>subvertundae“</strong></span> <span class='ocrx_word' id='word_1_535' title='bbox 827 4688 862 4744; x_wconf 92' lang='lat' dir='ltr'><strong>ut</strong></span> <span class='ocrx_word' id='word_1_536' title='bbox 883 4682 966 4767; x_wconf 89' lang='lat' dir='ltr'><strong>apud</strong></span> <span class='ocrx_word' id='word_1_537' title='bbox 987 4681 1076 4748; x_wconf 81' lang='lat' dir='ltr'><strong>Caes.</strong></span> <span class='ocrx_word' id='word_1_538' title='bbox 1098 4682 1169 4749; x_wconf 88' lang='lat' dir='ltr'><strong>Liv.</strong></span> <span class='ocrx_word' id='word_1_539' title='bbox 1191 4683 1291 4752; x_wconf 83' lang='lat' dir='ltr'><strong>Tacit.</strong></span> 
     </span>
    </p>

    <p class='ocr_par' dir='ltr' id='par_1_9' title="bbox 181 4772 2006 4974">
     <span class='ocr_line' id='line_1_44' title="bbox 281 4772 2006 4870; baseline 0.006 -34"><span class='ocrx_word' id='word_1_540' title='bbox 281 4772 455 4841; x_wconf 87' lang='lat' dir='ltr'><strong>Genetivus</strong></span> <span class='ocrx_word' id='word_1_541' title='bbox 483 4775 579 4840; x_wconf 82' lang='lat' dir='ltr'><strong>futuri</strong></span> <span class='ocrx_word' id='word_1_542' title='bbox 600 4779 721 4860; x_wconf 86' lang='lat' dir='ltr'><strong>passivi</strong></span> <span class='ocrx_word' id='word_1_543' title='bbox 743 4798 812 4843; x_wconf 90' lang='lat' dir='ltr'><strong>cum</strong></span> <span class='ocrx_word' id='word_1_544' title='bbox 835 4781 930 4848; x_wconf 89' lang='lat' dir='ltr'><strong>verbo</strong></span> <span class='ocrx_word' id='word_1_545' title='bbox 952 4789 1063 4866; x_wconf 80' lang='lat' dir='ltr'><strong>„esse“</strong></span> <span class='ocrx_word' id='word_1_546' title='bbox 1081 4786 1210 4870; x_wconf 84' lang='lat' dir='ltr'><strong>junctus</strong></span> <span class='ocrx_word' id='word_1_547' title='bbox 1231 4788 1296 4850; x_wconf 91' lang='lat' dir='ltr'><strong>vim</strong></span> <span class='ocrx_word' id='word_1_548' title='bbox 1319 4783 1414 4849; x_wconf 89' lang='lat' dir='ltr'><strong>habet</strong></span> <span class='ocrx_word' id='word_1_549' title='bbox 1435 4780 1610 4866; x_wconf 91' lang='lat' dir='ltr'><strong>pertinendi</strong></span> <span class='ocrx_word' id='word_1_550' title='bbox 1631 4778 1670 4845; x_wconf 88' lang='lat' dir='ltr'><strong>ad</strong></span> <span class='ocrx_word' id='word_1_551' title='bbox 1693 4779 1833 4866; x_wconf 89' lang='lat' dir='ltr'><strong>aliquam</strong></span> <span class='ocrx_word' id='word_1_552' title='bbox 1855 4800 1920 4845; x_wconf 90' lang='lat' dir='ltr'><strong>rem</strong></span> <span class='ocrx_word' id='word_1_553' title='bbox 1934 4779 2006 4847; x_wconf 80' lang='lat' dir='ltr'><strong>effi·-</strong></span> 
     </span>
     <span class='ocr_line' id='line_1_45' title="bbox 181 4870 2006 4974; baseline 0.006 -36"><span class='ocrx_word' id='word_1_554' title='bbox 181 4870 337 4938; x_wconf 74' lang='lat' dir='ltr'><strong>ciendam</strong></span> <span class='ocrx_word' id='word_1_555' title='bbox 389 4871 491 4940; x_wconf 82' lang='lat' dir='ltr'><strong>cono.</strong></span> <span class='ocrx_word' id='word_1_556' title='bbox 513 4875 580 4943; x_wconf 83' lang='lat' dir='ltr'><strong>Cat</strong></span> <span class='ocrx_word' id='word_1_557' title='bbox 603 4879 633 4963; x_wconf 86' lang='lat'><strong>6,</strong></span> <span class='ocrx_word' id='word_1_558' title='bbox 657 4879 692 4944; x_wconf 79' lang='lat' dir='ltr'><strong>i:</strong></span> <span class='ocrx_word' id='word_1_559' title='bbox 715 4884 856 4966; x_wconf 83' lang='lat' dir='ltr'><strong>„regium</strong></span> <span class='ocrx_word' id='word_1_560' title='bbox 877 4885 1053 4971; x_wconf 89' lang='lat' dir='ltr'><strong>imperium,</strong></span> <span class='ocrx_word' id='word_1_561' title='bbox 1075 4887 1159 4974; x_wconf 90' lang='lat' dir='ltr'><strong>qnod</strong></span> <span class='ocrx_word' id='word_1_562' title='bbox 1181 4889 1271 4955; x_wconf 90' lang='lat' dir='ltr'><strong>initio</strong></span> <span class='ocrx_word' id='word_1_563' title='bbox 1294 4884 1528 4952; x_wconf 87' lang='lat' dir='ltr'><strong>conservandae</strong></span> <span class='ocrx_word' id='word_1_564' title='bbox 1550 4883 1704 4950; x_wconf 86' lang='lat' dir='ltr'><strong>libertatis</strong></span> <span class='ocrx_word' id='word_1_565' title='bbox 1726 4891 1821 4969; x_wconf 79' lang='lat' dir='ltr'><strong>atque</strong></span> <span class='ocrx_word' id='word_1_566' title='bbox 1841 4880 2006 4968; x_wconf 79' lang='lat' dir='ltr'><strong>augendas</strong></span> 
     </span>
    </p>
   </div>
   <div class='ocr_carea' id='block_1_3' title="bbox 1241 5214 1345 5223">
    <p class='ocr_par' dir='ltr' id='par_1_10' title="bbox 1241 5214 1345 5223">
     <span class='ocr_line' id='line_1_46' title="bbox 1241 5214 1345 5223; baseline 0 0"><span class='ocrx_word' id='word_1_567' title='bbox 1241 5214 1345 5223; x_wconf 54' lang='lat'><strong>⁴——</strong></span> 
     </span>
    </p>
   </div>
   <div class='ocr_carea' id='block_1_4' title="bbox 0 0 2191 5580">
    <p class='ocr_par' dir='ltr' id='par_1_11' title="bbox 0 0 2191 5580">
     <span class='ocr_line' id='line_1_47' title="bbox 0 0 2191 5580; baseline 0 0"><span class='ocrx_word' id='word_1_568' title='bbox 0 0 2191 5580; x_wconf 95' lang='lat' dir='ltr'><strong> </strong></span> 
     </span>
    </p>
   </div>
  </div>
 </body>
</html>
